1882 3250
43 174 107 224 61,
130 190 182 214 21.
584 176 709 213 ΠΕΡΙ
739 175 850 211 ΤΗΣ
883 174 1140 210 ΕΙΡΗΝΗΣ.
1560 169 1616 212 67

113 287 137 304 -ν
335 286 345 299 f
386 290 406 298 Α
510 286 521 299 '
556 288 565 303 5
609 287 619 301 C
755 285 766 299 5
835 282 853 302 ’x
1010 283 1021 299 Ι
1290 282 1300 297 Ι
1515 283 1526 297 9
1602 283 1611 297 5

106 308 295 353 εχουσιν
320 308 443 348 ημιν,
472 288 554 335 ουδ
592 308 653 337 ως
679 292 700 310 ¹¹
717 307 798 334 ουκ
826 307 882 334 αν
908 283 1166 349 χαριζοιντο
1197 289 1215 307 x
1235 285 1472 348 Φιλιππῳ,
1501 288 1599 331 αλλ

104 368 268 418 ἴσασιν
305 369 521 433 ἀκριβῶς,
562 371 598 416 εὶ
637 369 712 416 καὶ
752 366 876 416 πάνυ
919 373 937 400 y
955 364 1128 432 φήσειέ
1161 387 1228 416 τις
1267 362 1430 414 αὐτοὺς
1474 364 1669 412 olvat-61

103 449 308 514 σθήτους
344 448 470 511 εἶναι,
499 450 568 500 ὅτι
599 454 635 499 εἰ
661 448 910 514 γενήσεται
953 447 1161 510 πόλεμος
1196 444 1314 511 πρὸς
1349 447 1466 507 ὑμᾶς
1504 446 1609 494 Ζαὐ-

101 539 209 593 τοῖς,
255 532 314 583 τὰ
348 533 432 596 μὲν
467 532 586 583 κακὰ
615 531 753 583 πάνθ’
793 532 982 599 ἕξουσιν
1026 531 1169 588 αὐτοὶ,
1207 532 1302 580 τοῖς
1339 530 1377 576 δ’
1415 529 1609 591 ἀγαθοῖς

99 615 354 683 ἐφεδρεύων
380 616 530 681 ἕτερος
556 616 825 665 καθεδεῖται.
869 615 1059 664 ἃοῦκουν
1084 610 1306 677 1)προεῖντ’
1337 609 1392 659 ἂν
1418 609 1607 664 οαὺτοὺς

98 704 160 752 εἰς
196 705 346 760 τοῦτο,
373 699 437 762 μὴ
463 701 616 761 κοινῆς
651 700 733 760 τῆς
766 699 912 764 ἀρχῆς
949 698 1131 758 καὶτῆς
1157 695 1304 746 αἰτίας
1340 694 1485 756 οὔσης
1523 699 1632 743 τοῦ5

35 783 318 846 Ῑὸπολέμου.
358 783 468 833 οὐδέ
485 805 540 847 γε
575 786 611 832 εἰ
647 781 793 832 πάλιν
824 780 942 847 πρὸς
977 779 1085 832 τοὺς
1112 778 1351 841 Θηβαίους
1388 776 1600 841 πολεμή-

95 888 263 929 σαιμεν
303 867 358 916 δι’
392 865 623 931 Ὠρωπὸν,
649 866 684 930 ἠ’
715 888 759 915 τι
796 869 890 914 τῶν
926 863 1065 924 ἰδίων,
1093 861 1223 912 οὐδὲν
1257 861 1313 911 ἂν
1349 861 1469 924 ἡμᾶς
1505 884 1599 912 πα-

93 953 188 1000 θεῖν
229 950 446 1014 ἡγοῦμαι·
490 953 564 999 καὶ
599 948 692 1014 γὰρ
730 949 838 1011 ἡμῖν
877 947 1099 999 κάκείνοις
1137 944 1245 998 τοὺς
1276 943 1603 1008 ἀβοηθοῦντας

90 1031 146 1083 ἂν
196 1030 336 1094 οἶμαι,
386 1036 448 1085 εἷς
491 1031 577 1095 τὴν
628 1033 796 1082 οἰκείαν
845 1030 887 1081 ε’ί
927 1053 996 1082 τις
1045 1029 1261 1093 ἐμβάλοι,
1306 1032 1508 1091 βοηθεῖν,
1547 1030 1601 1079 οὐ

89 1114 591 1180 Εσυνεπιστρατεύσειν
643 1115 912 1179 οὐδετέροις.
974 1115 1050 1163 καὶ
1095 1112 1187 1177 γὰρ
1239 1116 1283 1162 αἱ
1335 1113 1598 1178 συμμαχίαι
1612 1133 1652 1155 10

87 1204 252 1249 τοῦτον
277 1198 440 1265 ἔχουσι
466 1196 547 1248 τὸν
572 1197 761 1263 τρόπον,
790 1195 807 1230 f
823 1195 887 1247 ῶν
912 1199 986 1247 καὶ
1014 1197 1306 1263 φροντίσειεν
1333 1195 1390 1245 ὀίν
1415 1219 1497 1258 τις,
1524 1199 1600 1247 καὶ

27 1302 74 1344 17
87 1281 140 1332 τὸ
163 1286 360 1347 πρᾶγμα
390 1281 533 1349 φύσει
566 1280 774 1331 τοιοῦτόν
801 1283 944 1331 ἐστιν.
986 1281 1068 1331 οὐκ
1094 1279 1202 1346 ἄχρι
1228 1282 1310 1342 τῆς
1344 1279 1451 1342 ’ίσης
1488 1280 1595 1330 ἕκα-

85 1366 199 1419 στός
225 1367 356 1416 ἐστιν
380 1366 536 1418 εὔνους
563 1365 656 1415 οὔθ’
686 1365 794 1428 ἡμῖν
820 1365 924 1415 οὔτε
951 1365 1195 1427 Θηβαίοις,
1227 1361 1382 1430 [ἓσῶς
1408 1386 1456 1413 τε
1484 1362 1597 1414 εἶναι

83 1471 158 1498 και
194 1453 377 1514 κρατεῖν
412 1453 506 1498 τῶν
539 1447 752 1518 ἄλλων]
792 1447 979 1498 οἰλλα11
987 1452 1087 1500 σῶς
1122 1470 1206 1510 μεν
1243 1445 1356 1497 εῖναι
1394 1445 1595 1501 πάντες
1608 1472 1643 1503 15

80 1555 137 1582 αν
161 1531 412 1592 βούλοιντο
451 1530 591 1598 ιςἕνεχ’
620 1533 785 1594 αὑτῶν,
822 1530 1149 1597 κρατήσαντας
1186 1530 1233 1581 δε
1269 1530 1376 1584 τοὺς
1415 1532 1594 1596 ἑτέρους

81 1615 316 1668 δεσπότας
354 1613 577 1681 ὖπαρχειν
604 1617 756 1666 αὑτῶν
782 1614 911 1666 Ῑούδὲ
946 1614 1024 1668 εἷς.
1067 1616 1115 1665 τί
1142 1615 1221 1665 οὖν
1257 1615 1457 1680 ἡγοῦμαι
1497 1618 1587 1682 φο-

79 1698 218 1765 βερὸν
252 1700 328 1749 καὶ
362 1700 410 1748 τί
445 1697 759 1766 φυλάξασθαι
795 1702 931 1749 ωδεῖν
967 1699 1156 1762 ιιἡμοῖς;
1201 1698 1362 1751 Οὅπως
1395 1698 1460 1762 μὴ
1487 1721 1584 1749 κοι-

79 1781 161 1845 νὴν
202 1780 449 1850 πρόφασιν
499 1784 574 1831 καὶ
619 1781 773 1833 κοινὸν
817 1782 1034 1847 ἔγκλημα
1075 1784 1100 1833 ὁ
1145 1782 1337 1846 μέλλων
1380 1782 1589 1845 πόλεμος

0 1881 65 1922 ³18
78 1865 194 1932 πρὸς
231 1865 441 1918 ἅπαντας
476 1864 620 1932 λάβῃ.
662 1870 733 1915 pel
771 1864 864 1931 γὰρ
894 1867 1101 1931 Ἀργεῖοι
1137 1864 1222 1928 μὲν
1257 1867 1332 1915 καὶ
1371 1865 1579 1930 Μεσσή-
1599 1896 1640 1918 20

78 1972 164 2000 νιοι
212 1951 287 1999 καὶ
331 1952 728 2014 Μεγαλοπολῖται
772 1950 852 1999 καί
891 1972 1010 2003 τινες
1061 1954 1155 1999 τῶν
1206 1954 1387 1999 λοιπῶν
1430 1953 1586 2000 Πελο-

129 2084 151 2104 ¹²
169 2079 229 2113 οὐκ
247 2091 318 2113 om.
340 2091 392 2124 pr.
416 2079 452 2113 S.
577 2085 592 2101 Χ
613 2079 788 2126 Φιλίππῳ]
813 2078 853 2112 ἂν
872 2080 1044 2124 φιλίππωι
1066 2080 1148 2114 BF.
1273 2085 1292 2112 Y
1311 2079 1452 2125 φήσειέ]
1477 2080 1584 2124 φήσει

75 2132 161 2167 Α.Ῡ.
191 2133 301 2177 φησιν
321 2132 355 2166 S.
485 2138 502 2156 Ζ
522 2132 651 2177 αὐτοῖς]
675 2133 796 2168 αὐτοὺς
817 2132 1032 2167 B.F.S.O.v.
1168 2138 1180 2153 ³
1200 2133 1527 2176 οὔκουν-πολέμου
1547 2134 1583 2167 in

75 2196 182 2231 marg.
202 2186 307 2219 habet
326 2186 369 2219 A.
465 2181 484 2209 b
503 2187 660 2230 προεῖντο
679 2198 749 2220 u.v.
779 2185 929 2230 πρόοιντ’
951 2187 1038 2220 ΑΒ.
1062 2187 1119 2228 (ex
1139 2198 1208 2232 quo
1230 2186 1350 2220 Reisk.
1372 2187 1462 2221 male
1482 2188 1583 2221 affert

72 2238 234 2283 πρόειντ’)
256 2238 336 2273 RS.
486 2244 501 2263 ⁰
521 2239 643 2273 αὑτοὺς
665 2239 699 2272 S.
733 2239 955 2273 scribebatur
975 2238 1123 2274 ἑαυτούς.
1276 2235 1294 2263 (Ῑ
1312 2240 1522 2282 βοηθοῦντας
1544 2241 1579 2275 S.

73 2289 270 2337 Legebatur
287 2290 536 2335 βοηθήσοντας.
608 2297 624 2316 e
645 2291 1009 2337 συνεπιστρατεύσειν]
1033 2292 1356 2337 συνεπιστρατεύειν
1373 2293 1416 2326 Ο.
1485 2291 1499 2318 f
1517 2291 1578 2339 ῶν]

75 2340 112 2371 ὃν

70 2381 115 2420 ὧν
133 2399 168 2420 u.
199 2385 236 2420 ὃν
256 2386 300 2420 Ο.
317 2392 352 2421 et
371 2394 546 2421 correctus
565 2387 607 2421 Y.
751 2393 771 2421 g
791 2388 991 2434 Legebatur
1010 2387 1111 2427 ὥστε,
1133 2388 1227 2433 quod
1246 2388 1282 2421 in
1303 2392 1373 2423 σῶς
1391 2402 1427 2422 τε
1447 2390 1579 2423 mutavi

70 2450 148 2473 cum
167 2440 322 2474 Reiskio.
363 2440 497 2474 Seclusi
515 2446 632 2474 autem
653 2441 757 2474 verba
776 2442 819 2475 ab
839 2442 1028 2487 interprete
1048 2441 1144 2475 illata
1160 2445 1230 2476 σῶς
1249 2441 1469 2482 τε-ἶίλλων,
1491 2455 1577 2488 quo-

69 2503 146 2527 rum
168 2493 290 2527 vitium
316 2493 424 2527 sensit
451 2493 657 2533 Schaeferu8‚
682 2494 741 2539 qui
767 2493 856 2528 ὥστε
884 2498 955 2530 σῶς
979 2509 1016 2528 τε
1040 2495 1231 2535 βούλεσθαι
1258 2491 1340 2527 εἶναι
1367 2496 1419 2528 καὶ
1445 2498 1578 2540 κρατεῖν

69 2548 135 2579 τῶν
163 2545 277 2579 ἄλλων
305 2547 407 2580 scribi
433 2547 554 2587 voluit,
580 2547 693 2581 indice
720 2547 882 2581 Lambini
909 2548 1060 2592 adjutus,
1091 2548 1127 2580 in
1150 2559 1220 2593 quo
1249 2553 1456 2581 annotatum
1487 2547 1576 2583 ὥστε

68 2597 256 2638 βούλεσθαι
275 2596 371 2633 εἶναι.
456 2597 477 2623 h
492 2599 579 2645 σῶς]
604 2599 647 2635 ὡς
666 2612 717 2645 pr.
741 2601 776 2634 S.
807 2602 932 2636 σώιους
953 2601 991 2634 F.
1022 2602 1134 2635 σώους
1147 2601 1187 2635 Β.
1209 2600 1385 2645 adscripto
1404 2601 1440 2634 in
1459 2613 1571 2647 marg.

67 2664 122 2695 γρ.
143 2654 224 2687 σῶς.
323 2652 328 2674 ³
348 2651 487 2697 πάντες]
511 2652 655 2687 ἅπαντες
674 2653 892 2688 B.F.O.u.v.
989 2650 1010 2677 k
1031 2652 1116 2697 ἕνεχ’
1138 2653 1247 2687 αὑτῶν
1269 2654 1303 2686 S.
1335 2653 1427 2687 ἕνεκα
1447 2655 1574 2688 ἑαυτῶν

3 2701 5 2706 ⁴
67 2703 268 2739 B.F.O.u.v.
299 2705 391 2739 ἕνεκα
410 2720 449 2750 γε
469 2705 578 2738 αὐτῶν
598 2706 641 2740 Α.
673 2705 766 2740 ἕνεκά
785 2721 823 2752 γε
843 2708 969 2740 ἑαυτῶν
988 2706 1030 2739 Y.
1187 2703 1197 2730 Ῑ
1217 2706 1295 2739 οὐδὲ
1315 2704 1377 2751 εἷς]
1402 2705 1511 2742 οὐδείς
1529 2709 1570 2741 Α.

1029 2769 1049 2792 η
1201 2769 1216 2786 U

66 2801 91 2818 m
111 2798 178 2833 δεῖν
199 2799 281 2835 S.Y.
323 2800 522 2846 Legebatur
542 2801 630 2845 φημὶ
648 2801 728 2834 δεῖν.
859 2807 877 2825 ¹¹
898 2801 999 2847 ἡμᾶς]
1023 2804 1107 2845 υμᾶς
1128 2802 1166 2836 F.
1198 2801 1281 2846 ἡμᾶς
1303 2802 1344 2835 Β.
1376 2802 1460 2846 ὑμᾶς
1480 2803 1569 2838 Α.Υ.

66 2849 144 2887 ΟΝ.
253 2858 272 2878 0
291 2852 381 2889 ὅπως
400 2865 471 2887 om.
497 2853 534 2889 S.
648 2861 666 2890 Ρ
686 2854 732 2900 εἷ]
758 2855 789 2887 οἱ
809 2860 984 2888 correctus
1005 2867 1039 2889 u.

779 2926 850 2954 K2
