1930 3266
0 196 166 305 3—228,
184 211 236 236 2⁵.
585 197 710 234 ΠΕΡΙ
741 196 851 233 ΤΟὙ
880 196 1186 233 ΣΤΕΦΑΝΟΎ.
1560 192 1644 236 239

0 308 6 387 1
71 331 123 359 10
209 311 267 358 Εἰ
292 306 376 371 μὲν
403 307 484 357 οὖν
513 328 618 372 περι
650 303 716 356 ὡν
746 305 902 356 ἐδίωκε
936 305 1081 368 μόνον
1115 304 1438 371 κατηγόρησεν
1465 305 1638 371 Αἰσχί-

3 390 5 400 ’
134 414 228 456 νης,
272 389 431 454 ικοίγὼ
481 392 586 456 περὶ
629 390 771 439 αὐτοῦ
822 394 905 439 τοῦ
945 389 1362 454 προβουλεύματος
1413 386 1544 440 εὐθυς
1586 385 1644 438 ἂν

1 474 5 524 1
133 473 478 538 ἀπελογούμην·
537 471 692 536 επειδὴ
738 473 775 523 δ’
824 473 906 522 οὐκ
947 471 1128 522 ε’λαττω
1180 470 1328 538 λόγον
1372 471 1532 522 τᾶλλα
1576 473 1644 520 δι-

320 555 339 583 k
371 558 382 572 ‚
429 555 440 571 t
691 557 704 574 x
754 540 771 557 ⁰
798 555 810 572 x
960 560 979 568 ‘-
1132 553 1143 581 l

356 563 568 619 ανηλωκε
632 579 707 606 και
757 578 816 605 τα
864 562 1071 606 πλειστα

0 566 4 609 5
133 557 270 625 εξιὼν
1159 554 1488 623 κατεψεύσατό
1539 577 1643 617 μου,

0 659 3 680 ¹
134 642 387 705 ἀναγκαῖον
413 637 525 689 εἶναι
564 639 731 705 νομίζω
771 641 846 689 καὶ
883 639 1059 688 δίκαιον
1096 637 1192 702 ἅμα
1217 639 1410 706 βραχέα,
1439 636 1475 688 ὦ
1510 639 1638 688 ωᾶν-
1660 657 1697 678 10

134 727 238 790 δρες
275 725 529 787 Ἀθηναῖοι,
565 724 670 789 περὶ
707 722 884 773 τούτων
923 726 1146 787 Ϊὶπρῶτον
1183 725 1336 784 εἰπεῖν,
1377 722 1451 772 ἵνα
1489 724 1646 785 μηδεὶς

134 808 264 870 ὑμῶν
301 811 396 859 τοῖς
434 806 642 874 Οέξ-’ωθεν
677 805 839 871 λόγοις
874 804 1073 870 ἠγμένος
1105 805 1516 872 Ρἀλλοτριώτερον
1553 809 1646 856 τῶν

134 890 249 957 ὑπὲρ
274 893 356 954 τῆς
381 893 568 958 γραφῆς
595 891 782 940 δικαίων
809 889 952 957 ἀκούῃ
977 912 1082 952 μου.

71 989 117 1017 11
209 976 327 1040 Περὶ
352 974 437 1038 μὲν
462 981 483 1008 q
500 973 556 1037 δὴ
582 978 676 1024 τῶν
703 974 828 1024 ἰδίων
855 973 948 1024 ὅσα
975 973 1330 1040 λοιδορούμενος
1355 973 1646 1042 βεβλασφή-

132 1080 250 1121 μηκε
292 1059 398 1124 περὶ
438 1059 565 1120 ἐμοῦ,
609 1056 853 1108 θεάσασθε
897 1060 957 1111 ὡς
1004 1058 1136 1108 ἁπλᾶ
1187 1059 1262 1107 καὶ
1307 1058 1460 1108 δίκαια
1504 1058 1643 1123 λέγω.
1661 1078 1696 1110 15

133 1144 170 1192 εἶ
192 1140 277 1204 μὲν
301 1140 404 1191 ’ίστε
430 1164 487 1204 με
513 1146 722 1191 τοιοῦτον
748 1140 844 1191 οἷον
869 1141 1033 1194 1ὀὗτος
1060 1143 1220 1209 ᾐτιᾶτο
1251 1142 1325 1205 (οὐ
1350 1141 1443 1207 γὰρ
1471 1142 1651 1194 ἄλλοθί

132 1247 225 1275 που
257 1225 466 1285 βεβίωκα
503 1222 531 1287 ἢ
571 1225 678 1290 παρ’
709 1226 849 1289 ὑμῖν),
875 1224 991 1288 μηδὲ
1026 1224 1188 1293 φωνὴν
1219 1225 1512 1292 ἀνάσχησθε,
1539 1227 1644 1290 μηδ’

134 1312 171 1359 εἶ
210 1307 366 1359 πάντα
410 1307 501 1358 Ξτοὶ
541 1307 672 1358 κοινὰ
722 1308 918 1375 ἵὺπέρευ
967 1309 1317 1371 πεπολίτευμαι,
1364 1311 1479 1359 ἀλλ’
1527 1312 1644 1359 ἁνα-

218 1391 231 1406 2
364 1398 386 1417 u
648 1392 659 1407 ι
862 1393 882 1408 ,,
1023 1395 1032 1408 ,
1097 1391 1108 1409 x
1285 1397 1304 1405 Α
1463 1393 1473 1408 1
1605 1392 1617 1408 l

72 1415 332 1446 13σταντες
401 1395 813 1460 καταψηφισασθε
849 1394 953 1455 ηδη’
998 1415 1033 1442 ει
1061 1395 1107 1442 δε
1134 1398 1306 1460 πολλῳ
1331 1398 1507 1453 βελτιω
1533 1415 1641 1443 του-

133 1498 217 1526 του
242 1477 316 1526 καὶ
343 1477 392 1526 ἐκ
431 1475 705 1536 βελτιόνων,
735 1477 810 1526 καὶ
843 1475 1038 1541 μηδενὸς
1074 1481 1168 1527 τῶν
1202 1478 1412 1543 μετρίων,
1439 1478 1514 1528 ἵνα
1549 1499 1700 1541 μη-20

133 1558 210 1610 δὲν
233 1558 430 1626 ἐπαχθὲς
466 1559 605 1624 λέγω,
638 1560 825 1626 χείρονα
861 1562 936 1610 καὶ
972 1559 1050 1623 ἐμὲ
1085 1563 1160 1610 καὶ
1194 1559 1300 1614 τοὺς
1339 1560 1474 1623 ἐμοὺς
1515 1563 1643 1611 ὑπει-

134 1643 320 1710 λήφατε
360 1646 435 1694 καὶ
472 1644 771 1709 γιγνώσκετε,
797 1643 947 1713 τούτῳ
986 1650 1002 1666 '‘
1022 1643 1107 1707 μὲν
1141 1647 1249 1708 μηδ’
1278 1644 1392 1711 ὑπὲρ
1430 1649 1524 1695 τῶν
1551 1644 1643 1696 ἅλ-

134 1735 236 1778 λων
261 1727 503 1778 πιστεύετε
534 1729 702 1791 (δῆλον
727 1726 820 1794 γὰρ
857 1729 920 1781 ὡς
957 1728 1127 1790 ὁμοίως
1161 1726 1325 1778 ἅπαντ’
1354 1727 1647 1792 ἐπλάττετο),

135 1814 236 1875 ἐμοὶ
263 1813 317 1874 δ’,
344 1811 402 1875 ἢν
426 1811 556 1876 παρὰ
580 1810 737 1863 πάντα
768 1810 850 1863 τὸν
881 1811 1052 1878 χρόνον
1078 1812 1258 1861 εὔνοιαν
1283 1813 1535 1879 ἐνδέδειχθε
1574 1813 1649 1863 ἐπὶ

136 1899 336 1946 πολλῶν
377 1895 572 1961 ἀγώνων
610 1900 705 1945 τῶν
746 1903 765 1931 Υ
779 1896 1020 1962 πρότερον,
1061 1897 1136 1945 καὶ
1176 1898 1274 1946 νυνὶ
1314 1896 1642 1963 παράσχεσθε.
1661 1917 1698 1947 ²5

190 2065 201 2093 i
221 2068 328 2114 κάγὼ]
353 2068 442 2114 κάγὼ
463 2069 497 2102 δέ
518 2069 554 2102 k.
658 2065 677 2093 k
698 2068 867 2112 ἀνήλωκεν
886 2068 1279 2114 A.S.Y.Q,k.o.p.q.r.S.
1309 2052 1479 2111 ἆνῧλωκεν
1500 2069 1538 2102 F.
1570 2069 1650 2103 ἀνά-

135 2124 243 2157 λωκεν
272 2123 389 2167 vulgo.
546 2118 556 2145 Ῑ
585 2121 842 2167 κατεψεύσατό]
877 2121 1090 2167 διεψεύσατό
1116 2134 1150 2167 q.
1308 2127 1337 2146 m
1368 2121 1486 2167 ἄνδρες
1513 2134 1582 2157 om.
1612 2135 1649 2169 p.

137 2215 158 2233 1¹
185 2212 320 2255 πρῶτον
339 2207 460 2253 εἰπεῖν]
486 2201 591 2240 εἷᾶῘ-εῖν
610 2200 745 2250 πρῶτον
767 2208 802 2241 S.
851 2209 1005 2242 Line-olis
1026 2209 1069 2242 ab
1090 2209 1211 2242 eadem
1227 2220 1306 2253 quae
1334 2208 1486 2242 codicem
1514 2210 1651 2255 scripsit

136 2274 243 2296 manu
262 2261 434 2307 impositis
454 2261 639 2306 corrigitur
660 2273 754 2294 error
775 2262 915 2301 librarii,
938 2261 997 2307 qui
1017 2263 1186 2295 voeabula
1206 2261 1433 2306 transposuit.
1478 2262 1583 2298 Conf.
1606 2264 1650 2296 ad

136 2327 173 2361 p.
199 2326 284 2362 239,
310 2326 366 2349 12.
388 2323 473 2360 353,
498 2324 530 2359 7.
557 2323 642 2360 274,
668 2313 726 2348 16.
750 2324 839 2359 300,
857 2314 892 2349 6.
917 2326 1006 2360 310,
1030 2323 1064 2361 5.
1086 2325 1176 2362 319,
1200 2322 1259 2361 17.
1283 2314 1373 2359 381,
1398 2326 1456 2349 13.
1480 2323 1568 2362 407,
1590 2327 1648 2350 33.

137 2379 227 2414 410,
252 2379 311 2414 37.
334 2378 422 2412 431,
447 2375 479 2413 7.
501 2378 590 2411 443,
621 2376 675 2414 17.
698 2375 788 2414 474,
815 2379 872 2415 19.
895 2367 984 2413 483,
1007 2367 1042 2402 6.
1073 2367 1162 2414 538,
1188 2378 1246 2402 11.
1272 2367 1358 2413 788,
1386 2376 1443 2415 15.
1474 2367 1561 2409 861,
1587 2381 1647 2404 10.

139 2419 1648 2469 866,13.935,6.953,11.973,13.983,13.1009,13.1113,7.1151,

143 2486 200 2520 14.
227 2482 338 2522 1155,
369 2473 647 2521 19.1178,12
679 2473 1648 2534 1193,37.1366,10,1381,1.1305,35,13314,

142 2526 203 2562 36.
229 2527 424 2573 1468,22.
455 2538 563 2572 1472,
589 2525 649 2562 26.
699 2528 871 2573 Congessi
900 2528 977 2562 haec
1006 2529 1165 2573 exempla
1186 2534 1223 2561 ut
1243 2534 1426 2573 appaieret
1447 2529 1584 2573 quoties
1613 2529 1649 2562 111

137 2581 321 2615 verborum
340 2580 568 2615 collocatione
588 2581 782 2625 peccaverit
779 2557 972 2620 olibi-arius,
995 2582 1055 2626 qui
1075 2594 1118 2615 ne
1138 2593 1260 2615 omnes
1280 2581 1421 2626 quidem
1448 2582 1650 2625 hujusmodi

138 2646 270 2668 errores
290 2646 371 2668 suos
391 2634 676 2668 animadvertisse
695 2635 844 2669 videtur.
877 2634 945 2674 Sic,
962 2641 1000 2668 ut
1021 2635 1182 2680 exemplo
1198 2640 1276 2668 utar
1292 2634 1490 2674 manifesto,
1510 2647 1544 2680 p.
1561 2634 1648 2683 889,

140 2698 176 2733 3.
197 2700 260 2733 pro
279 2688 423 2721 ἐλθόντα
442 2685 610 2729 ποιήσειν,
630 2687 803 2732 ἀντείχετο
823 2687 859 2720 111
876 2687 911 2721 S.
935 2688 1103 2732 Scriptum
1123 2686 1297 2732 ἀντείχετο
1316 2688 1460 2721 ἐλθόντα
1480 2687 1648 2730 ποιήσειν,

138 2741 243 2774 nullis
263 2741 431 2786 appositis
450 2739 599 2773 lineolis.
711 2746 728 2764 o
748 2740 889 2785 ἔξωθεν]
912 2741 976 2784 ἔξω
997 2740 1111 2786 Y.0.p.
1237 2744 1252 2767 1'
1272 2740 1560 2786 ἀλλοτριώτερον]
1585 2741 1646 2775 ἀλ-

137 2795 360 2839 λοτριώτερος
380 2806 479 2839 o.p.r.
592 2799 611 2826 q
631 2793 670 2836 δὴ
691 2805 760 2827 om.
783 2792 826 2831 Q.
940 2800 955 2819 1'
974 2792 1089 2839 οὗτος]
1115 2793 1216 2829 αὐτὸς
1232 2793 1313 2828 O.u.
1426 2799 1440 2818 S
1459 2795 1500 2827 τὰ
1520 2806 1591 2829 om.
1613 2807 1648 2828 u.

139 2852 174 2880 et
193 2858 244 2892 pr.
262 2846 306 2881 O.
415 2846 429 2870 t
450 2844 587 2891 ὑπέρευ]
612 2846 734 2891 ὑπερεῦ
757 2847 790 2880 S.
897 2851 917 2870 U
937 2847 1249 2892 καταψηφίσασθε]
1276 2847 1588 2892 καταψηφίσασθαι
1611 2848 1648 2883 S.

138 2904 159 2924 ὅ
177 2899 254 2944 μέν]
277 2900 337 2943 μὲν
356 2900 395 2943 δὴ
416 2899 521 2934 Y.s.t.
656 2905 674 2932 Y
694 2901 860 2944 πρότερον
879 2899 1032 2934 A.S.k.s.
1064 2900 1264 2946 Legebatur
1282 2901 1449 2945 πρότερον
1468 2901 1649 2945 γεγενημέ-

138 2966 216 2988 νων.
247 2953 473 2998 Participium
492 2953 529 2988 in
550 2963 659 2998 marg.
680 2953 785 2987 habet
804 2953 847 2988 A.
871 2965 891 2987 a
910 2964 957 2988 m.
975 2965 1042 2987 rec.
