1882 3250
227 164 311 209 196
770 168 1197 206 ΔΗΜΟΣΘΕΝΟΎΣ
1337 165 1421 205 On.
1439 164 1567 205 XIV.
1590 179 1630 220 p.
1652 164 1745 216 184,
1767 179 1858 206 10-

554 280 569 296 χ
596 277 602 283 .

229 282 340 346 στῇ,
365 278 406 328 εἴ
427 301 470 329 τι
496 301 570 329 και
594 278 965 345 ’παραλείπομεν
991 284 1073 329 νῦν
1102 276 1278 341 (πάντα
1303 276 1396 343 γὰρ
1422 275 1570 331 Εἵσως
1596 278 1741 343 εὑρεῖν

228 363 281 413 οὐ
319 361 542 430 Ῑρᾴδιον),
581 360 694 412 αὐτὸ
732 360 786 412 τὸ
827 366 1026 427 πρᾶγμα
1062 362 1256 429 ΙΠὲαυτῲ
1300 359 1498 426 εὑρήσει,
1538 363 1612 411 καὶ
1656 362 1740 425 μία

227 445 453 513 σύνταξις
479 448 554 495 καὶ
579 449 751 495 πασῶν
776 449 869 494 τῶν
896 448 1010 494 νεῶν
1036 446 1111 494 καὶ
1137 444 1303 509 μέρους
1330 444 1476 494 ἔσται.
1751 465 1792 488 20

163 543 215 585 29
301 528 449 594 ’Υπὲρ
472 527 519 578 δὲ
547 527 800 594 χρημάτων
821 529 896 576 καὶ
921 526 1070 593 πόρου
1097 532 1300 594 φανεροῦ
1326 526 1450 580 τινὸς
1475 526 1563 590 ἤδη
1587 525 1741 592 παρά-

227 614 368 681 δοξον
394 612 478 676 μὲν
505 610 609 661 οἶδα
635 611 813 676 1Ιλόγον
846 609 1040 673 μέλλων
1067 610 1234 676 λέγειν,
1263 610 1388 673 ὅμως
1420 613 1460 661 δ’
1488 609 1739 676 εἰρήσεται·

225 696 433 748 πιστεύω
472 695 577 760 γὰρ,
614 694 693 744 ἐάν
732 718 800 747 τις
839 695 988 758 ὀρθῶς
1027 699 1201 762 σκοπῇ,
1239 694 1380 758 μόνος
1415 697 1632 758 οτοίληθῆ
1667 696 1742 744 καὶ

158 800 213 841 30
226 780 285 830 τὰ
310 779 603 845 γενησόμενα
634 778 824 843 εἰρηκὼς
850 782 1150 846 Ρφανεῖσθαι.
1206 778 1297 843 ἐγώ
1325 782 1446 846 φημι
1477 781 1643 845 χρῆναι
1674 776 1740 842 μὴ

225 863 382 927 λέγειν
421 864 517 912 νυνὶ
561 864 666 926 περὶ
707 861 976 928 χρημάτων·
1033 860 1147 912 εἶναι
1185 861 1279 926 γὰρ
1316 860 1478 927 πόρον,
1517 860 1610 911 (Ὶᾶν
1647 861 1791 929 δέῃμ5

225 946 396 1010 Γμέγαν
430 947 506 995 καὶ
545 944 694 995 καλὸν
733 947 807 995 καὶ
844 946 1033 1006 δίκαιον,
1070 943 1123 995 ὃν
1159 943 1248 995 Ξᾶν
1282 944 1366 1008 μὲν
1398 944 1487 1009 ἤδη
1522 944 1741 1010 ζητῶμεν,

225 1032 318 1081 οὐδ’
348 1034 410 1084 εἷς
447 1029 543 1080 τόθ’
579 1029 803 1097 ὑπάρχειν
841 1029 1097 1095 ἡγησόμεθ’
1135 1030 1286 1093 ῗὴμῖν·
1334 1031 1454 1080 οὕτω
1497 1027 1624 1080 πολὺ
1661 1034 1744 1079 τοῦ

224 1113 420 1178 πορίσαι
460 1118 541 1163 νῦν
577 1112 935 1179 ἀποσχήσομεν·
976 1112 1056 1162 ἐὰν
1091 1113 1129 1162 δ’
1159 1115 1317 1177 ε’ῶμεν,
1352 1113 1502 1165 ἔσται.
1559 1113 1628 1166 τίς
1663 1112 1744 1162 οὖν

225 1196 330 1247 ἔσθ’
361 1196 530 1250 “οὗτος
571 1198 595 1247 ὁ
638 1202 719 1247 νῦν
757 1196 842 1259 μὲν
880 1197 961 1246 οὐκ
999 1195 1076 1258 ὢν,
1112 1195 1370 1265 Χὺπάρξων
1404 1197 1468 1246 Υδ’
1497 1200 1559 1249 εἷς
1599 1195 1737 1257 τότε;

156 1305 207 1346 31
225 1281 461 1346 αἰνίγματι
487 1279 581 1346 γὰρ
609 1280 768 1344 ὅμοιον
794 1279 932 1330 τοῦτό
959 1287 1060 1344 Ζγε.
1116 1279 1207 1346 ἐγὼ
1241 1279 1430 1348 φράσω.
1482 1282 1619 1346 ὁρᾶτε
1657 1278 1744 1343 τὴν
1760 1289 1836 1345 185
1870 1271 1882 1302 ³⁴

223 1362 379 1425 πόλιν,
419 1362 455 1414 ῶ
499 1364 663 1430 ἄνδρες
706 1365 962 1428 Ἀθηναῖοι,
1007 1369 1171 1415 πᾶσαν
1210 1364 1449 1428 ἢταυτηνί.
1511 1365 1559 1414 ἐν
1597 1363 1744 1432 ταύτῃ

223 1450 426 1516 χρήματ’
461 1447 676 1500 ὶἐ”νεστιν
716 1450 881 1514 ὀλίγου
920 1449 1006 1499 δέω
1047 1448 1165 1514 πρὸς
1204 1448 1428 1502 οάποῖσας
1466 1447 1549 1502 τὰς
1587 1449 1745 1502 ἄλλας

225 1537 365 1583 εἰπεῖν
410 1531 587 1585 πόλεις.
649 1538 796 1583 ταῦτα
841 1535 878 1583 δ’
920 1536 961 1583 οἱ
1011 1532 1277 1596 κεκτημένοι
1326 1538 1537 1583 τοιοῦτον
1579 1532 1743 1600 ε”χουσι

226 1615 375 1679 ἀνοῦν,
396 1615 511 1666 ὥστ’
531 1620 567 1667 εἷ
593 1616 764 1670 πάντες
792 1620 833 1667 οἱ
858 1618 1063 1668 Εἐνταυθὶ
1089 1616 1306 1682 λέγοντες
1333 1621 1527 1683 φοβοῖεν
1554 1619 1616 1670 ὡς
1642 1617 1771 1686 ἥξει5

224 1700 469 1762 βασιλεὺς,
498 1703 559 1753 ὡς
584 1699 830 1766 πάρεστιν,
855 1703 918 1754 ὡς
943 1699 1049 1767 ἷούχ
1075 1698 1171 1750 οἷόν
1197 1723 1245 1750 τε
1272 1701 1398 1750 ταῦτ’
1422 1700 1585 1753 ἄλλως
1611 1700 1744 1767 ἔχειν,

225 1786 301 1834 καὶ
337 1783 455 1846 μετὰ
490 1788 584 1833 τῶν
618 1783 856 1849 λεγόντων
888 1783 984 1834 ἴσοι
1015 1784 1068 1833 τὸ
1093 1785 1279 1844 πλῆθος
1305 1781 1484 1834 τούτοις
1511 1804 1740 1851 χρησμῳ-

225 1870 359 1929 δοῖεν,
387 1869 439 1917 οὐ
474 1866 618 1930 μόνον
652 1868 734 1917 οὐκ
770 1866 828 1917 ἂν
855 1867 1176 1932 εἰσενέγκαιεν,
1206 1867 1316 1916 ἀλλ’
1345 1867 1438 1916 οὐδ’
1467 1863 1525 1916 ἂν
1550 1866 1746 1934 δείξαιεν

155 1976 210 2018 32
226 1953 318 2002 οὐδ’
361 1951 417 2002 ἂν
457 1951 807 2017 ὁμολογήσαιεν
846 1954 1116 2015 κεκτῆσθαι.
1175 1955 1210 2000 εἰ
1253 1949 1408 2013 μέντοι
1451 1948 1509 1999 τὰ
1547 1955 1630 2000 νῦν
1667 1948 1743 2000 διὰ
1757 1978 1795 1999 ιο

224 2040 318 2086 τῶν
359 2033 519 2101 λόγων
561 2034 746 2103 φοβερὰ
791 2035 912 2104 ἔργῳ
957 2034 1258 2101 πραττόμενα
1305 2033 1560 2096 αἴσθοιντο,
1598 2035 1744 2088 οὐδεὶς

279 2229 289 2257 i
312 2233 583 2279 παραλείπομεν]
615 2211 870 2278 παριειλείπομεν
892 2233 929 2267 F.
968 2231 1218 2278 παρελείπομεν
1239 2232 1276 2266 S.
1316 2229 1548 2276 παρελίπομεν
1568 2243 1599 2265 v.
1635 2245 1743 2277 πηρα-

224 2286 384 2328 λείπομαι
404 2289 445 2320 Α.
590 2283 609 2310 k
634 2285 718 2321 ἰ’σως
740 2286 776 2321 S.
799 2293 844 2327 et,
865 2287 1041 2331 adscripto
1061 2286 1105 2319 ad
1124 2285 1318 2331 marginem
1338 2284 1497 2329 ἀκριβῶς,
1519 2286 1559 2318 A.
1597 2283 1745 2330 ἀκριβῶς

224 2354 296 2374 πως·
315 2339 440 2374 Y.O.v.
463 2340 671 2385 quibuscum
693 2341 868 2374 consentit
890 2340 930 2373 B.
952 2346 997 2380 et,
1019 2345 1057 2373 ut
1078 2339 1213 2384 opinor,
1236 2338 1276 2371 F.
1387 2334 1398 2362 l
1417 2337 1553 2384 ῥᾴδιον]
1577 2337 1674 2383 ῥᾶιον
1695 2338 1744 2379 S.‚

225 2393 461 2438 superscripto
483 2395 501 2426 δ
521 2406 541 2427 a
560 2405 606 2427 m.
628 2393 761 2438 quinta.
914 2398 945 2417 m
965 2392 1088 2439 ἑαυτῷ]
1114 2393 1213 2426 ἑαυτὸ
1234 2393 1276 2425 A.
1421 2397 1441 2415 ¹¹
1461 2393 1568 2437 λόγον
1586 2390 1740 2437 μέλλων]

224 2447 315 2491 λέγω
341 2448 478 2489 μέλλων
497 2448 538 2480 A.
586 2448 723 2489 μέλλων
751 2447 858 2491 λόγον
877 2445 971 2481 Y.O.
1015 2447 1120 2491 λόγον
1146 2444 1183 2478 ὃν
1211 2447 1328 2488 μέλλω
1354 2445 1470 2478 F.S.V.
1515 2443 1554 2478 ὃν
1581 2443 1599 2477 ὃ
1627 2446 1744 2488 μέλλω

225 2499 409 2534 Dobraeus.
512 2505 530 2524 0
549 2499 889 2545 rdery6r'j—elqud25]
915 2499 1022 2543 ἀληθῆ
1034 2499 1249 2543 -εἲρηνικὼς
1271 2497 1314 2532 Ο.
1418 2503 1436 2531 Ρ
1457 2497 1641 2542 φανεῖσθαι
1661 2499 1690 2531 Α
1708 2498 1743 2532 S.

224 2552 444 2598 φανήσεσθαι
464 2554 581 2599 vulgo.
703 2559 723 2586 (1
743 2552 800 2599 ἂν]
826 2554 882 2587 ἐὰν
902 2553 945 2587 O.
1057 2557 1072 2576 Γ
1090 2553 1196 2597 μέγαν
1217 2551 1427 2586 F.S.Y.O.v.
1472 2551 1672 2597 Legebatur
1692 2552 1746 2585 καὶ

224 2638 340 2684 μέγαν.
448 2645 462 2664 S
482 2638 523 2673 ἂν
544 2640 579 2673 S.
610 2639 668 2673 ἐὰν
686 2640 805 2685 vngO.
910 2638 923 2663 t
945 2638 1037 2684 ἡμῖν]
1061 2615 1137 2682 ἕμῖν
1158 2638 1197 2672 F.
1228 2638 1304 2681 ὑμῖν
1327 2637 1409 2672 S.O.
1513 2643 1534 2663 ὓ
1554 2637 1653 2672 οὗτος
1673 2649 1743 2672 om.

226 2692 316 2726 Y.O.
430 2699 449 2717 X
471 2692 644 2739 ὑπάρξων]
672 2693 831 2738 ὑπάρχων
850 2694 892 2727 A.
1003 2703 1013 2722 -'
1040 2692 1068 2726 δ’
1090 2692 1154 2738 εἷς]
1179 2693 1214 2725 δέ
1237 2691 1407 2726 F.Y.O.V.
1521 2696 1538 2715 ²
1559 2705 1598 2737 γε
1618 2703 1689 2726 om.
1710 2703 1743 2725 v.

226 2767 245 2787 a
263 2761 419 2809 ταυτηνί]
442 2761 567 2806 ταύτην
589 2763 623 2797 S.
695 2759 714 2787 b
734 2763 883 2810 ἔνεστιν]
905 2756 1017 2797 ειἔστιν
1034 2764 1069 2797 S.
1096 2763 1131 2796 ἕν
1145 2762 1188 2796 ab
1208 2762 1330 2796 eadem
1350 2773 1397 2795 m.
1414 2761 1554 2806 scripta.
1623 2766 1640 2785 ⁰
1658 2760 1744 2795 ἁπά-

225 2815 306 2860 σας]
329 2817 442 2850 πάσας
462 2815 551 2850 Y.O.
652 2812 671 2840 d
691 2817 789 2862 νοῦν]
813 2818 873 2850 τὸν
893 2819 972 2850 νοῦν
991 2816 1120 2850 Y.O.v.
1142 2821 1177 2850 et
1196 2827 1265 2849 rec.
1288 2815 1326 2849 F.
1429 2819 1445 2839 e
1466 2814 1600 2849 ἐνταυθὶ
1618 2815 1660 2848 Α.
1690 2814 1741 2848 ε’ν-

224 2869 342 2945 ἷαυθοῖ
375 2870 491 2915 vulgo.
550 2869 680 2903 Omisit
710 2871 906 2910 Bekkerus,
937 2870 979 2905 de
1015 2870 1086 2904 suis
1117 2869 1294 2904 codicibus
1327 2874 1457 2902 tacens.
1514 2868 1624 2902 Abest
1651 2880 1672 2901 a
1701 2867 1741 2901 B.

256 2921 337 2967 οὐχ]
363 2921 433 2956 οὐδ’
456 2923 491 2957 S.
