1882 3250
226 183 308 225 166
743 185 1210 239 [ΔΗΜΟΣΘΕΝΟΎΣ]
1376 187 1459 226 οη.
1481 186 1567 225 XI.
1592 202 1631 241 p.
1659 197 1780 241 155,1

162 301 481 363 14προσῆκον.
527 300 601 348 καὶ
628 298 807 352 τούτοις
833 300 925 348 οὐδ’
948 297 1004 348 ἂν
1025 297 1087 350 εἷς
1107 298 1183 348 ἕεῦ
1209 301 1399 365 φρονῶν
1419 297 1738 361 ἀπιστήσειεν·

225 383 346 432 οὕτω
372 381 465 447 γὰρ
491 380 772 449 11φιλότιμον
799 381 939 431 αὐτὸν
966 380 1082 431 εἶναι’
1112 385 1263 448 φασιν
1290 385 1332 430 οἱ
1362 383 1735 448 συνδιατρίψαν-

223 488 310 526 τες,
339 464 461 514 ὥστε
489 463 781 526 βουλόμενον
808 464 866 514 τὰ
893 463 1135 514 κάλλιστα
1161 468 1255 513 τῶν
1281 464 1430 528 ἔργων
1454 462 1611 514 ἰπάνθ’
1630 462 1738 513 jab-

224 553 307 598 τοῦ
347 550 496 597 δοκεῖν
535 545 648 597 εἶναι
693 551 884 608 μᾶλλον
930 547 1162 612 ἄχθεσθαι
1207 551 1301 596 τῶν
1343 551 1627 611 στρατηγῶν
1666 548 1741 596 καὶ

225 635 319 680 τῶν
345 628 586 694 ἡγεμόνων
608 635 702 682 τοῖς
729 630 862 697 ἄξιον
890 631 1078 679 ἐπαίνου
1105 651 1148 679 τι
1173 628 1416 696 πράξασιν
1442 627 1469 692 ὴ
1496 634 1590 682 τοῖς
1618 629 1740 682 ὅλως
1754 654 1795 678 20

164 726 209 765 15
226 714 532 778 ἀποτυχοῦσι.
598 716 699 763 πῶς
743 712 837 772 οὖν,
877 712 1003 777 εἴπερ
1042 713 1144 761 ἐστὶ
1189 717 1335 762 ταῦτα
1380 710 1620 774 1(τοιαῦτα,
1657 735 1740 763 πι-

226 799 353 847 στῶς
374 794 462 858 ἤδη
482 793 636 844 πολὺν
661 793 831 860 χρόνον
851 796 976 862 αὐτῷ
1002 793 1401 860 1παραμένουσινς
1440 794 1510 844 ὅτι
1538 801 1620 845 νῦν
1645 794 1744 858 μὲν,

225 877 262 928 ὦ
297 878 458 943 ἄνδρες
499 881 754 940 Ἀθηναῖοι,
793 877 847 927 τὸ
883 881 1141 942 κατορθοῦν
1176 877 1317 927 αὑτὸν
1352 878 1593 927 ἐπισκοτεῖ
1625 882 1747 928 πᾶσι

225 966 319 1014 τοῖς
359 959 593 1012 τοιούτοις·
647 963 692 1009 αἱ
737 959 830 1025 γὰρ
869 960 1115 1027 εὐπραξίαι
1161 961 1301 1010 δειναὶ
1346 959 1626 1028 συγκρύψαι
1669 962 1746 1010 καὶ

225 1043 487 1094 συσκιάσαι
515 1042 638 1096 ΠἸτόις
665 1043 893 1108 ἁμαρτίας
920 1050 938 1068 “
950 1047 1044 1092 τῶν
1070 1044 1333 1107 ἀνθρώπων
1365 1044 1499 1093 εἰσιν
1544 1047 1581 1092 εὶ
1616 1044 1671 1093 δέ
1699 1066 1743 1093 τι
1757 1066 1794 1098 25

226 1149 429 1188 πταισει,
471 1125 567 1175 τότ’
608 1127 813 1189 ἀκριβῶς
858 1126 1296 1193 διακαλυφθήσεται
1340 1132 1520 1176 Οταῦτα
1569 1124 1741 1176 πάντα.

163 1224 213 1262 16
228 1210 479 1272 συμβαινει
512 1208 618 1274 γὰρ,
655 1206 818 1274 ὥσπερ
852 1209 899 1258 ἐν
935 1214 1030 1261 τοῖς
1068 1208 1293 1272 σώμασιν
1329 1209 1472 1272 ἡμῶν·
1514 1232 1626 1259 οταν
1663 1232 1748 1272 μεν

227 1293 483 1359 ἐρρωμενος
527 1290 556 1359 ᾐ
602 1315 684 1354 τις,
729 1291 860 1341 οὐδὲν
905 1291 1238 1342 ἐπαισθάνεται
1287 1297 1382 1342 τῶν
1428 1294 1527 1343 καθ’
1569 1293 1748 1343 ἕκαστα

227 1380 436 1442 σαθρῶν,
468 1374 585 1426 ε’πάν
619 1379 659 1426 δ
688 1375 992 1443 ἀρρωστήσῃ,
1028 1374 1185 1426 πάντα
1223 1381 1423 1437 κινεῖται,
1463 1375 1550 1426 κᾶν
1586 1398 1776 1442 ρηγμαι
1785 1387 1839 1441 56

227 1460 314 1512 κᾶν
349 1461 568 1527 στρέμμα
604 1459 692 1511 κᾶν
727 1461 853 1510 ἄλλο
888 1483 931 1510 τι
971 1465 1065 1510 τῶν
1099 1458 1407 1526 ὑπαρχόντων
1432 1457 1462 1526 ᾗ
1489 1458 1553 1524 μὴ
1580 1460 1749 1513 τελέως

227 1552 246 1580 1¹
256 1547 474 1610 ὑγιαῖνον·
516 1546 636 1594 οὕτω
674 1546 750 1594 καὶ
783 1548 878 1594 τῶν
905 1548 1167 1604 βασιλειῶν
1195 1545 1268 1593 καὶ
1296 1547 1494 1593 (ἷπασῶν
1519 1547 1636 1593 Γτῶν
1663 1545 1746 1594 δυ·

229 1632 470 1688 ναστειῶν,
498 1627 581 1680 ἕως
609 1626 693 1690 μὲν
720 1625 777 1676 ἂν
804 1627 852 1676 ἐν
876 1632 971 1679 τοῖς
997 1626 1223 1689 πολέμοις
1251 1631 1562 1692 κατορθῶσιν,
1589 1628 1748 1694 ἀφανῆ

229 1710 319 1762 Ξτοὶ
357 1710 477 1762 κακὰ
515 1712 635 1764 ἴτοῖς
672 1716 874 1764 πολλοῖς
912 1711 1057 1760 ἐστίν·
1099 1709 1216 1760 ἐπὰν
1255 1710 1313 1760 δέ
1341 1717 1423 1760 un
1460 1711 1777 1772 πταίσωσιν,5

230 1795 254 1846 ὃ
288 1801 371 1846 νῦν
396 1799 598 1845 Χπαθεῖν
633 1793 751 1847 εἰκὸς
786 1795 956 1844 ἐκεῖνον
993 1792 1146 1858 μεῖζον
1173 1795 1368 1862 φορτίον
1393 1792 1421 1857 ἢ
1447 1798 1579 1844 Υκαθ’
1609 1792 1749 1844 αὑτὸν

229 1888 246 1906 ²
267 1879 512 1946 ἀράμενον,
564 1879 773 1944 γίγνεται
832 1877 1013 1946 φανερὰ
1065 1876 1124 1928 τὰ
1179 1880 1386 1944 δυσχερῆ
1446 1876 1602 1927 πάντα
1656 1881 1751 1931 τοῖς

229 1963 422 2015 ἅπασιν.

353 2051 360 2064 2
454 2046 466 2064 t
627 2047 637 2060 t
692 2050 711 2059 n
812 2043 832 2065 ’ἲ
889 2045 911 2062 ³!
1085 2045 1095 2060 2
1271 2049 1289 2057 2-—
1412 2043 1426 2058 x
1564 2044 1575 2061 p

167 2067 214 2107 17
305 2052 363 2098 Ει
407 2049 456 2096 δε
501 2069 570 2099 τις
615 2069 757 2108 υμων,
797 2068 833 2095 ω
876 2048 1041 2111 ανδρες
1102 2049 1341 2107 Αθηναιοι,
1379 2066 1462 2094 τον
1508 2047 1751 2095 Φιλιππον

231 2134 354 2198 ὁρῶν
380 2132 690 2197 ἢεύτυχοῦντα
724 2129 932 2198 φοβερὸν
967 2127 1081 2179 εἶναι
1120 2128 1288 2194 νομίζει
1328 2130 1403 2178 καὶ
1438 2128 1746 2192 δυσπολέμη-

230 2239 327 2278 τον,
360 2215 611 2282 σώφρονος
649 2213 734 2277 μὲν
769 2213 938 2279 ἀνδρὸς
973 2216 1141 2279 χρῆται
1178 2212 1390 2280 προνοίᾳ·
1434 2210 1620 2277 μεγάλη
1655 2210 1749 2278 γὰρ
1767 2239 1803 2260 ιο

247 2302 257 2315 ρ
336 2298 348 2314 x
444 2303 463 2311 Α
652 2297 661 2313 N
751 2296 765 2311 x
812 2297 833 2315 el
974 2297 984 2311 C
1067 2296 1078 2312 Ι
1187 2297 1196 2311 )
1260 2298 1274 2314 x
1384 2293 1397 2309 N
1477 2293 1497 2311 (l
1732 2293 1744 2311 ἱ

232 2323 369 2367 ροπη,
399 2305 589 2361 μαλλον
616 2300 662 2347 δε
689 2295 773 2347 1)το
809 2306 924 2348 ολον
959 2321 986 2360 η
1022 2319 1141 2363 τυχη
1174 2318 1276 2346 εστι
1312 2318 1430 2362 προς
1468 2318 1654 2346 απαντα
1691 2317 1751 2345 τα

289 2456 310 2484 g
333 2448 369 2483 εὖ
389 2448 544 2494 φρονῶν]
571 2449 747 2492 εὐφρονῶν
769 2449 803 2482 S.
905 2445 924 2472 h
944 2449 1130 2492 φιλότιμον
1150 2448 1252 2481 αὐτὸν
1274 2448 1308 2481 S.
1353 2447 1553 2491 Legebatur
1572 2446 1674 2480 αὐτὸν
1693 2447 1752 2491 φι-

234 2505 387 2547 λότιμον.
506 2499 515 2525 i
535 2501 651 2547 πάνθ’]
676 2503 786 2535 πάντα
808 2502 843 2535 S.
872 2500 989 2535 ἅπαντ’
1011 2502 1128 2546 vulgo.
1258 2499 1268 2535 j
1289 2500 1393 2534 αὑτοῦ
1414 2501 1618 2534 Bekkerus:
1649 2500 1752 2534 αὐτοῦ

236 2557 355 2602 vulgo.
387 2558 490 2589 αυτοῦ
509 2556 550 2589 Α.
626 2552 646 2579 k
667 2558 804 2589 τοιαῦτα
825 2567 894 2589 om.
915 2567 967 2600 pr.
990 2555 1028 2589 F.
1115 2550 1122 2577 ¹
1144 2554 1413 2599 παραμένουσιν]
1438 2555 1691 2598 παραμενοῦσιν
1711 2553 1749 2586 F.

238 2616 268 2635 ¹¹¹
294 2611 353 2645 τὰς
380 2606 560 2654 ἁμαρτίας]
594 2609 635 2642 τὰ
663 2611 802 2642 τοιαῦτα
828 2608 937 2651 ὀνείδη
961 2608 1001 2642 A.
1024 2613 1058 2641 et
1086 2619 1206 2652 margo
1231 2619 1299 2641 rec.
1323 2608 1357 2640 S.
1379 2613 1414 2641 et
1435 2607 1473 2641 F.
1495 2618 1537 2640 ex
1557 2619 1591 2652 p.
1612 2617 1671 2651 23,
1690 2604 1751 2640 28.

238 2669 258 2688 ¹¹
277 2666 344 2697 τῶν
363 2663 547 2707 ἀνθρώπων
567 2661 671 2707 εἰσίν]
700 2662 768 2695 εἶσὶ
787 2665 853 2695 τῶν
872 2661 1056 2706 ἀνθρώπων
1076 2673 1147 2694 u.v.
1313 2666 1331 2684 ⁰
1358 2663 1464 2694 ταῦτα
1488 2659 1614 2705 πάντα]
1644 2660 1754 2694 πάντα

237 2719 343 2751 ταῦτα
363 2716 569 2750 F.Y.O.u.V.
675 2723 692 2751 Ρ
714 2715 880 2761 ὑγιαῖνον]
906 2715 1051 2760 ὑγιεινὸν
1071 2714 1248 2748 Ὲ.8.Υ.Ο.
1356 2718 1376 2746 q
1395 2713 1532 2759 πασῶν]
1553 2712 1696 2746 ἁπασῶν
1717 2713 1751 2746 S.

239 2776 253 2794 1‘
273 2773 340 2803 τῶν
359 2782 428 2804 om.
450 2782 501 2815 pr.
519 2769 561 2803 Y.
665 2773 679 2793 S
699 2769 740 2802 τὰ
760 2769 841 2802 κακὰ
861 2774 940 2815 post
961 2768 1036 2802 ἐστι
1055 2768 1147 2802 Y.O.
1255 2766 1269 2791 t
1288 2768 1359 2801 τοῖς
1379 2767 1523 2801 πολλοῖς
1543 2765 1654 2812 ἐστίν]
1679 2766 1754 2800 ἐστι

238 2825 308 2858 τοῖς
327 2824 473 2857 πολλοῖς
495 2823 529 2857 S.
619 2827 638 2846 1¹
659 2836 691 2855 τι
711 2834 781 2856 om.
807 2823 841 2856 S.
932 2828 950 2846 Χ
970 2822 1089 2855 παθεῖν
1109 2821 1195 2856 εἰκὸς
1216 2821 1252 2855 S.
1298 2820 1497 2866 Legebatur
1517 2819 1603 2854 εἶκὸς
1622 2819 1752 2853 παθεῖν.

239 2883 257 2910 Y
277 2875 348 2911 καθ’
368 2875 488 2921 αὑτὸν]
513 2876 677 2909 καταυτὸν
696 2877 739 2910 A.
879 2881 896 2899 Ζ
916 2874 1098 2920 ἀράμενον]
1122 2875 1298 2919 αἰρόμενον
1319 2874 1354 2908 S.
1487 2878 1506 2897 a
1525 2871 1749 2918 εὐτυχοῦντα]

240 2930 438 2975 Legebatur
458 2929 665 2973 εὐτυχοῦντα
684 2927 801 2972 ταύτῃ.
831 2927 935 2972 ταύτῃ
957 2941 1027 2963 om.
1044 2927 1254 2962 F.S.Y.O.v.
1270 2932 1315 2967 et,
1333 2927 1427 2972 quod
1446 2926 1538 2972 fugit
1558 2926 1753 2966 Reiskium,

239 2983 327 3017 ΑΒ.
376 2983 529 3022 Illatum,
551 2987 590 3016 ut
609 2982 756 3023 videtur,
778 2994 820 3017 ex
840 2995 875 3028 p.
897 2993 956 3027 24,
975 2992 1034 3027 13.
1145 2977 1165 3006 b
1185 2981 1224 3014 τὸ
1245 2992 1316 3014 οῐη.
1335 2980 1376 3014 Y.
