1882 3250
255 181 337 220 108
797 185 1222 223 ΔΗΜΟΣΘΕΝΟΎΣ
1357 182 1439 222 On.
1466 180 1593 221 VIII.
1612 195 1651 236 p.
1674 192 1765 230 100,
1787 194 1882 224 27-

254 296 328 343 καῖ
356 294 554 359 νεωρίων
581 296 654 344 καὶ
689 293 905 360 ἰτριήρων
932 298 1006 345 καὶ
1040 294 1163 344 1(τῶν
1190 295 1338 360 ε”ργων
1361 298 1454 344 τῶν
1490 293 1762 359 1ἀργυρείων

253 380 327 428 καὶ
366 378 606 429 τοσούτων
641 378 893 444 προσόδων
929 380 1011 429 οὐκ
1049 381 1297 440 ἐπιθυμεῖν,
1329 377 1460 428 ἀλλὰ
1498 383 1645 428 ταῦτα
1679 377 1762 440 μὲν

252 461 451 512 ωέάσειν
479 465 594 524 ὑμᾶς
634 463 768 530 ἔχειν,
797 462 911 529 ὑπὲρ
947 462 995 513 δὲ
1029 467 1123 512 τῶν
1162 475 1181 495 Π
1192 467 1395 524 μελινῶν
1421 463 1495 511 καὶ
1522 466 1616 511 τῶν
1642 462 1756 512 ὀλυ·

250 551 345 611 ρῶν
371 551 463 596 τῶν
489 549 536 596 ἐν
560 551 655 599 τοῖς
682 547 904 614 Θρᾳκίοις
933 551 1110 611 0σιροῖς
1146 548 1194 595 ἐν
1227 549 1292 613 τῷ
1328 544 1555 613 βαράθρῳ
1593 544 1755 611 χειμά-
1779 565 1851 594 101

251 629 355 695 ζειν.
399 631 481 679 οὐκ
523 630 625 679 ε”στι
665 635 825 691 ταῦτα,
869 628 998 679 ἀλλὰ
1044 631 1227 679 κάκεῖνα
1274 628 1388 694 ὑπὲρ
1435 634 1541 678 Prot]
1585 627 1762 678 τούτων

182 728 237 777 46
251 715 469 779 γενέσθαι
509 713 663 778 κύριος
703 715 777 763 καὶ
804 713 963 763 τᾶλλα
993 712 1148 763 πάντα
1183 711 1574 777 πραγματεύεται.
1617 712 1663 761 τί
1683 712 1764 761 οὖν

250 798 298 847 εὖ
316 797 617 864 φρονούντων
637 797 898 862 ἀνθρώπων
916 796 1046 845 ἐστίν
1065 817 1076 856 ;
1109 794 1285 848 εἰδότας
1304 800 1450 845 ταῦτα
1468 797 1543 844 καὶ
1563 794 1761 860 ἐγνωκό-

248 903 331 933 τας
357 879 442 943 τὴν
467 880 551 943 μὲν
578 879 980 943 ὑπερβάλλουσαν
1008 881 1081 928 καὶ
1113 878 1394 941 Ἷάνήκεστον
1419 877 1592 940 ταύτην
1617 880 1788 947 ῥᾳθυ-5

247 966 358 1027 μίαν
393 965 667 1024 ἀποθέσθαι,
701 962 918 1029 χρήματα
955 964 990 1011 δ’
1021 961 1267 1028 εἰσφέρειν,
1305 964 1381 1011 καὶ
1419 959 1525 1013 τοὺς
1562 960 1754 1024 συμμάκ

245 1070 357 1114 χους
403 1047 577 1115 ἀξιοῦν,
618 1048 693 1097 καὶ
733 1046 858 1098 ὅπως
895 1044 948 1095 τὸ
992 1043 1283 1108 συνεστηκὸς
1327 1049 1465 1094 τοῦτο
1509 1051 1766 1108 ι’συμμενεῖ

246 1132 518 1197 στράτευμα
555 1132 667 1195 ὁρᾶν
704 1133 778 1180 καὶ
805 1130 1037 1195 πράττειν,
1065 1129 1118 1179 ἵν’
1146 1128 1309 1194 ὥσπερ
1348 1130 1515 1181 ἐκεῖνος
1553 1129 1761 1192 Ξὲτοιμον

245 1215 359 1282 ῖὲχει
386 1214 580 1278 δύναμιν
606 1214 691 1278 τὴν
718 1213 1042 1278 ἀδικήσουσαν
1063 1215 1137 1263 καὶ
1164 1219 1184 1237 “
1195 1213 1679 1278 καταδουλωσομένην
1705 1213 1752 1264 ἅ-
1772 1242 1810 1264 ιο

244 1322 424 1352 παντας
450 1298 555 1352 τοὺς
573 1298 836 1362 “Έλληνας,
857 1299 977 1347 οὕτω
996 1296 1081 1360 τὴν
1107 1296 1369 1347 σώσουσαν
1391 1298 1514 1360 ὑμεῖς
1542 1299 1615 1347 καὶ
1634 1303 1756 1363 βοη-

175 1398 228 1440 47
246 1383 493 1447 θήσουσαν
520 1381 698 1433 ἅπασιν
725 1382 908 1443 ἕτοιμον
947 1381 1096 1448 ἔχητε.
1141 1382 1193 1431 οὐ
1220 1380 1314 1446 γὰρ
1353 1387 1372 1406 ¹
1391 1381 1493 1431 ἔστι
1525 1383 1759 1446 βοηθείαις

244 1468 509 1535 χρωμένους
549 1466 756 1518 οὐδέποτ’
783 1465 914 1516 οὐδὲν
940 1469 1034 1516 τῶν
1059 1463 1258 1515 δεόντων
1292 1464 1484 1532 πρᾶξαι,
1513 1464 1644 1516 ἀλλὰ
1668 1489 1755 1517 κα-

243 1550 632 1604 τασκευάσαντας
659 1553 729 1601 δεῖ
752 1550 958 1613 δύναμιν,
987 1552 1060 1600 καὶ
1083 1548 1266 1616 τροφὴν
1292 1549 1436 1616 ταύτῃ
1467 1551 1759 1615 πορίσαντας

244 1637 318 1685 καὶ
357 1636 523 1698 ταμίας
561 1636 662 1684 Υκαὶ
704 1635 969 1698 δημοσίους,
1004 1635 1079 1683 καὶ
1115 1632 1241 1685 ὅπως
1279 1633 1343 1683 ἔνι
1380 1631 1464 1696 τὴν
1505 1638 1600 1684 τῶν
1632 1657 1750 1702 χρη-
1772 1663 1806 1694 15

174 1722 227 1772 48
242 1718 404 1781 μάτων
431 1717 651 1786 φυλακὴν
678 1717 1026 1783 ἀκριβεστάτην
1054 1716 1288 1781 γενέσθαι,
1312 1719 1431 1768 οὕτω
1451 1717 1756 1781 ποιήσαντας,

242 1803 323 1853 τὸν
349 1802 434 1865 μέν
459 1806 553 1852 τῶν
579 1800 834 1867 χρημάτων
861 1801 1008 1866 λόγον
1028 1799 1158 1866 παρὰ
1177 1799 1355 1851 τούτων
1382 1801 1656 1865 λαμβάνειν,
1677 1801 1760 1853 τὸν

242 1886 289 1937 δὲ
325 1890 418 1936 τῶν
453 1885 602 1951 ἔργων
638 1883 767 1949 παρὰ
803 1891 885 1935 τοῦ
921 1891 1208 1951 στρατηγοῦ.
1253 1882 1337 1934 κᾶν
1373 1886 1493 1936 οὕτω
1528 1884 1757 1950 ποιήσητε

241 1973 315 2021 καὶ
353 1971 502 2020 Ζταῦτ’
544 1967 800 2032 ἐθελήσητε
839 1971 900 2021 ὡς
939 1971 1143 2033 ἀληθῶς,
1182 1969 1312 2034 ἄγειν
1353 1968 1536 2035 εἰρήνην
1574 1971 1756 2021 δικαίαν

1203 2049 1222 2077 b

240 2056 342 2104 ἱικαὶ
368 2054 519 2117 με’νειν
546 2053 621 2102 ἐπὶ
647 2054 729 2115 τῆς
754 2053 895 2102 αὑτοῦ
934 2053 1178 2102 Φίλιππον
1230 2051 1534 2117 ἀναγκάσετε,
1561 2052 1615 2104 οὗ
1647 2057 1746 2116 μεῖ-
1767 2078 1807 2099 20

239 2137 316 2203 ζον
342 2136 497 2188 οούδέν
522 2134 579 2186 ἂν
604 2136 770 2201 γένοιτ’
799 2134 994 2201 ἀγαθὸν,
1020 2134 1049 2200 ἢ
1075 2134 1365 2198 πολεμήσετ’
1393 2135 1449 2204 ἐξ
1472 2135 1593 2187 ’ίσ-ου.

170 2225 224 2264 49
314 2226 371 2272 Ei
417 2221 470 2271 δέ
515 2243 581 2288 τῳ
633 2223 760 2270 δοκεῖ
805 2225 952 2270 ταῦτα
1003 2222 1078 2269 καὶ
1130 2218 1339 2283 δαπάνης
1389 2217 1409 2245 ‘¹
1418 2218 1631 2285 μεγάλης
1679 2222 1755 2270 καὶ

1292 2373 1305 2396 k

292 2376 301 2403 i
322 2378 466 2424 τριήρων
487 2378 569 2412 O.u.
592 2384 626 2412 et
646 2384 823 2412 correctus
845 2379 879 2412 S.
909 2380 1055 2423 τριηρῶν
1075 2378 1191 2423 vulgo.
1328 2379 1395 2409 τῶν
1413 2377 1522 2422 ἔργων
1541 2389 1619 2438 οιιι.ε
1633 2390 1685 2424 pr.
1707 2379 1752 2413 O.

1604 2441 1624 2465 77

241 2474 245 2496 ¹
265 2474 467 2520 ἀργυρείων]
493 2474 662 2520 ἁργυριων
684 2474 722 2507 F.
853 2480 881 2498 m
902 2474 1016 2507 ἐάσειν
1036 2473 1136 2519 ὑμᾶς]
1163 2473 1275 2506 ἐάσειν
1296 2472 1380 2516 ἡμᾶς
1402 2473 1438 2506 S.
1471 2472 1585 2507 ἐάσειν
1606 2474 1689 2518 ὑμᾶς
1710 2475 1750 2509 F.

237 2529 321 2572 ὑμᾶς
340 2529 453 2562 ἐάσειν
472 2530 502 2561 A
518 2528 559 2562 Y.
705 2533 723 2551 ¹¹
743 2527 905 2573 μελινῶν]
930 2527 1074 2571 μελίνῶν
1096 2527 1133 2561 F.
1163 2526 1308 2569 μελίνων
1328 2538 1361 2559 u.
1379 2531 1414 2559 et
1434 2538 1485 2572 pr.
1509 2526 1543 2560 S.
1573 2528 1700 2571 μελίων
1718 2541 1751 2562 v.

237 2588 254 2607 0
281 2581 408 2627 σιροῖς]
439 2595 567 2626 σειροις
591 2593 642 2626 pr.
672 2580 710 2615 F.
738 2587 773 2614 et.
801 2592 853 2626 pr.
887 2581 920 2614 S.
1063 2587 1082 2616 1³
1109 2581 1170 2613 τοῦ
1201 2592 1270 2614 om.
1301 2578 1346 2613 Ο.
1498 2585 1517 2613 q
1545 2579 1747 2628 ἀνήκεστον]

234 2636 434 2669 ἀνείκαστον
470 2635 506 2669 S.
564 2634 620 2668 Sic
653 2634 853 2668 ἀνεικάστου
886 2636 993 2679 χαρᾶς
1029 2646 1092 2678 pro
1125 2633 1312 2676 ἀνηκέστου
1351 2633 1519 2678 seriptum
1557 2645 1612 2679 ap.
1641 2634 1748 2681 Soph-

233 2690 289 2733 Aj.
314 2699 376 2735 52.
398 2690 433 2722 in
454 2700 561 2734 marg
585 2688 750 2722 Turnebi.
912 2695 924 2712 Ι·
951 2687 1131 2733 συμμενεῖ]
1165 2688 1327 2730 συμμένει
1355 2686 1574 2721 A.F.Y.O.u.
1605 2693 1641 2722 et
1669 2700 1747 2723 eor-

1297 2749 1313 2766 0
1485 2750 1501 2767 0

234 2783 349 2811 rectus
368 2789 399 2809 v.
431 2776 594 2818 συμμένοι
617 2776 652 2809 S.
750 2780 764 2799 Β
786 2774 1108 2818 ἕτοιμον-ἕτοιμον
1131 2775 1166 2808 S.
1199 2774 1524 2817 ἑτοιμην-ἑτοιμην
1545 2773 1583 2807 F.
1615 2771 1750 2816 ἑτοίμην

233 2831 350 2876 vulgo.
447 2829 460 2853 t
480 2829 567 2874 ἔχει]
592 2830 664 2872 ἕχηι
688 2829 722 2862 S.
847 2834 866 2852 Π
887 2827 1249 2873 καταδουλωσομένην]
1275 2826 1621 2869 καταδουλωσομένην
1636 2839 1687 2872 pr.
1711 2826 1745 2860 S.

235 2892 251 2910 Χ
272 2882 365 2927 ἔστι]
389 2884 501 2916 ἔνεστι
518 2882 555 2915 F.
570 2889 605 2916 et
621 2891 796 2916 correctus
816 2894 835 2915 a
855 2894 900 2915 m.
923 2882 1066 2926 antiqua
1084 2883 1118 2915 S.
1188 2887 1204 2913 Y
1225 2882 1277 2914 καὶ
1297 2880 1467 2926 expungit
1483 2880 1526 2914 O.
1598 2886 1614 2906 Z
1633 2878 1744 2924 ταῦτ’]

232 2939 309 2971 τότε
330 2936 364 2969 S.
395 2938 496 2969 τοῦτο
517 2942 568 2969 est
587 2948 623 2981 p.
652 2945 736 2981 137,
763 2933 822 2969 16.
954 2940 972 2959 3
986 2935 1044 2969 καὶ
1064 2946 1132 2968 om.
1157 2935 1190 2968 S.
1323 2932 1340 2954 b
1359 2933 1582 2980 ἀναγκάσετε]
1604 2933 1747 2979 ἀναγκά-

233 3004 316 3034 σητε
336 2991 378 3023 A.
493 2994 508 3012 ⁰
529 2988 642 3034 οὐδέν]
667 2989 766 3023 οὐθὲν
786 3001 819 3022 u.
932 2985 950 3013 (l
971 2989 1137 3034 μεγάλης]
1158 2988 1292 3030 πολλῆς
1313 2987 1351 3021 F.
