1882 3250
17 210 81 251 ..p.
103 204 168 247 77,
185 209 236 233 υ.
602 195 727 232 ΠΕΡΙ
761 195 1114 234 ΑΛΟΝΝΗΣΟΤ.
1560 195 1616 235 83

105 311 209 355 λόγος
228 309 246 341 ὁ
267 308 342 353 περὶ
365 309 423 352 τῆς
439 307 648 351 Ἅλοννήσου
667 307 780 353 ῥηθεὶς
802 309 841 342 οὐ
866 310 1021 351 σώζεται,
1044 307 1170 342 ἐκείνου
1189 308 1225 342 δέ
1247 309 1305 342 οὐκ
1326 307 1423 343 ὅντος
1443 309 1502 342 τὸν
1521 309 1613 353 εὑρε-

105 375 204 408 θέντα
231 372 450 418 προσέθεσαν
473 372 573 419 αὗτῲ,
594 371 753 416 ἀφορμὴν
776 373 913 416 ἔχοντες
938 374 977 406 τὸ
1002 373 1080 418 περὶ
1102 371 1312 415 (Αλοννήσου
1337 374 1442 418 λόγον
1462 372 1616 417 εἰρῆσθαι

104 439 150 484 τῷ
167 435 296 482 ῥήτορι,
318 435 428 469 οὐκέτι
449 436 485 469 δέ
506 435 716 480 ἐξετάζοντες
734 436 763 469 εἷ
782 438 904 470 τοῦτον
922 436 1008 471 εἷκὸς
1028 433 1111 470 εἶναι
1131 437 1190 469 τὸν
1209 435 1345 469 ἐκείνου.
1631 448 1670 470 20

105 525 470 600 ΠνΑΝΔΡΕΣ
512 550 767 612 Ἀθηναῖοι,
807 549 888 598 οὐκ
932 548 1062 599 ἔστιν
1106 547 1233 601 ὅπως
1276 551 1323 598 αἱ
1370 548 1523 610 αἰτίαι,
1563 546 1617 601 ἃς

107 635 344 687 Φίλιππος
390 637 602 695 αἰτιᾶται,
645 632 752 686 τοὺς
800 632 913 698 ὑπὲρ
957 637 1051 682 τῶν
1096 632 1284 682 δικαίων
1332 630 1450 697 πρὸς
1501 633 1618 694 ὑμᾶς

104 716 330 782 λέγοντας
364 716 675 767 Χκωλύσουσι
713 716 1019 778 συμβούλους
1058 716 1177 779 ἡμᾶς
1214 716 1463 780 γίγνεσθαι
1503 714 1618 782 ὑπὲρ

105 806 198 852 τῶν
224 803 329 865 ὑμῖν
354 801 712 870 συμφερόντων·
756 799 905 851 δεινὸν
929 799 1022 867 γὰρ
1050 798 1108 850 ἂν
1133 800 1213 864 εἴη,
1241 804 1277 850 εὶ
1312 798 1399 863 τὴν
1429 801 1504 851 ἐπὶ
1535 805 1617 851 τοῦ
1634 820 1682 863 77

104 884 317 949 βήματος
351 886 622 952 παρρησίαν
657 889 703 935 αἱ
740 885 849 950 παρ’
884 884 1055 934 ἐκείνου
1090 884 1384 947 πεμπόμεναι
1419 886 1612 934 ἐπιστο-

104 971 186 1019 λαὶ
219 969 443 1020 ἀνέλοιεν.
499 969 590 1035 ἐγὼ
626 970 665 1019 δ’
695 971 813 1033 ὑμῖν,
840 966 876 1018 ὦ
909 968 1071 1034 ἄνδρες
1101 968 1357 1032 Ἀθηναῖοι,
1383 968 1618 1031 βούλομαι

102 1057 291 1119 πρῶτον
329 1053 412 1117 μὲν
444 1056 548 1120 περὶ
588 1052 653 1103 ὧν
687 1054 929 1107 Φίλιππος
962 1051 1272 1113 Υέπέσταλκε,
1299 1053 1404 1118 περὶ
1440 1051 1619 1103 τούτων

103 1138 372 1206 διεξελθεῖν·
413 1139 611 1203 ὕστερον
643 1136 704 1197 δὲ,
735 1139 840 1202 περὶ
872 1134 936 1187 ὧν
970 1140 1010 1187 οἱ
1045 1136 1270 1202 πρέσβεις
1304 1137 1515 1202 λέγουσι,
1542 1139 1647 1192 καὶ5

103 1222 230 1285 ἡμεῖς
256 1220 467 1290 λέξομεν.
536 1227 631 1299 7ss

178 1307 418 1360 Φίλιππος
449 1305 541 1372 γὰρ
577 1302 766 1373 ἄρχεται
803 1306 887 1370 μὲν
919 1308 1023 1373 περὶ
1055 1306 1388 1372 Ζ“Αλοννήσου
1415 1308 1618 1373 ἃλέγων,

102 1393 163 1444 ὡς
202 1388 344 1453 ὶ’ὑμῖν
382 1392 574 1441 δίδωσιν
612 1392 776 1441 ἑαυτοῦ
814 1391 979 1442 οὖσαν·
1034 1393 1152 1455 ὑμᾶς
1192 1391 1238 1442 δὲ
1283 1393 1342 1442 οὔ
1381 1396 1505 1460 φησι
1543 1395 1615 1442 δι-

102 1474 240 1527 καίως
276 1472 418 1524 αὑτὸν
449 1476 674 1524 ἀπαιτεῖν·
718 1475 772 1524 οὐ
805 1473 899 1540 γὰρ
936 1474 1160 1541 ὑμετέραν
1195 1476 1344 1525 οὖσαν
1383 1477 1486 1526 οὔτε
1522 1482 1615 1525 λα-

101 1562 202 1618 βεῖν
238 1560 342 1609 οὕτε
382 1564 463 1609 νῦν
502 1558 638 1626 ἔχειν.
698 1559 833 1624 ε”λεγε
868 1558 916 1610 δὲ
955 1561 1031 1610 καὶ
1068 1557 1186 1625 πρὸς
1225 1559 1344 1623 ἡμᾶς
1382 1560 1617 1615 τοιούτους
1635 1585 1672 1606 ιο

101 1640 287 1707 λόγους,
321 1642 397 1694 ὅτε
432 1641 552 1708 πρὸς
586 1642 727 1694 αὑτὸν
759 1642 1160 1709 ἐπρεσβεύσαμεν,
1188 1645 1251 1696 ὡς
1281 1642 1468 1711 λῃστὰς
1494 1646 1613 1713 ἀφε-

101 1726 298 1790 λόμενος
324 1728 497 1792 ταύτην
522 1727 608 1791 τὴν
638 1731 786 1792 νῆσον
817 1727 1057 1792 κτήσαιτο,
1087 1731 1161 1779 καὶ
1192 1728 1450 1795 προσήκειν
1475 1730 1620 1795 αὐτὴν

64 1811 266 1866 3ἑαυτοῦ
304 1809 434 1863 εἶναι.
495 1818 662 1862 τοῦτον
695 1812 743 1863 δὲ
774 1811 857 1863 τὸν
891 1811 1054 1878 λόγον,
1082 1815 1144 1867 ὡς
1175 1814 1257 1863 οὐκ
1292 1813 1395 1864 ε”στι
1431 1815 1618 1877 δίκαιος,

103 1896 157 1946 οὐ
189 1894 401 1963 χαλεπόν
432 1898 563 1947 ἐστιν
589 1898 730 1947 αὑτοῦ
764 1897 1043 1965 ἀφελέσθαι.
1103 1896 1303 1951 ἅπαντες
1329 1897 1423 1964 γὰρ
1450 1901 1492 1949 οἱ
1524 1905 1614 1966 λῃ-

101 1982 213 2030 σταὶ
249 1979 356 2034 τοὺς
392 1982 673 2047 ἀλλοτρίους
706 1980 877 2034 τόπους
910 1979 1356 2045 καταλαμβάνοντες
1391 1984 1466 2032 καὶ
1504 1982 1615 2033 τού·
1636 2003 1670 2035 ¹5

101 2087 207 2118 τους
251 2065 474 2133 οἐχυροὺς
520 2065 784 2129 ποιούμενοι
834 2068 1044 2117 ἐντεῦθεν
1090 2063 1198 2119 τοὺς
1242 2066 1423 2120 ἄλλους
1466 2072 1619 2123 κακῶς

101 2155 334 2200 ποιοῦσιν.
395 2151 419 2200 ὁ
452 2148 508 2213 δὴ
540 2149 648 2203 τοὺς
681 2148 867 2218 λῃστὰς
905 2149 1290 2216 τιμωρησάμενος
1326 2154 1402 2201 καὶ
1439 2152 1613 2218 κρατή-

103 2255 193 2287 σας
227 2234 309 2284 οὖκ
348 2232 405 2284 ἂν
441 2233 591 2298 δήπου
629 2233 782 2285 εἰκότα
820 2234 966 2299 λε’γοι,
1002 2239 1038 2285 εἷ
1078 2235 1210 2303 φαίη,
1248 2232 1278 2285 ἃ
1313 2237 1473 2286 ἐκεῖνοι
1510 2237 1615 2287 ἀδί-

64 2335 193 2372 4κως
228 2320 303 2368 καὶ
341 2317 572 2384 ἀλλότρια
612 2316 749 2385 εἶχον,
776 2319 909 2369 ταῦθ’
936 2320 1099 2370 ἑαυτοῦ
1135 2319 1398 2384 γίγνεσθαι.
1456 2323 1492 2370 εὶ
1524 2319 1618 2387 γὰρ

102 2407 246 2452 ταῦτα
284 2400 636 2469 συγχωρήσετε,
663 2403 711 2453 τί
741 2401 924 2465 κωλύει,
958 2404 1033 2452 καὶ
1066 2402 1109 2453 εἴ
1141 2425 1245 2453 τινα
1282 2406 1366 2466 τῆς
1397 2405 1618 2468 Ἀττικῆς
1630 2434 1672 2455 20

101 2487 276 2553 λῃσταὶ
310 2484 457 2537 τόπον
489 2485 804 2547 καταλάβοιεν
836 2484 864 2550 ὴ
898 2485 1092 2550 Λήμνου
1128 2484 1156 2550 ὴ
1185 2484 1388 2553 Ἴμβρου
1422 2486 1451 2551 ὴ
1488 2488 1611 2539 Σκύ-

101 2591 197 2634 ρου,
225 2570 304 2620 καί
333 2592 452 2623 τινες
485 2570 676 2625 τούτους
702 2570 718 2597 d
736 2570 843 2624 τοὺς
874 2569 1059 2638 λῃστὰς
1085 2569 1348 2639 ἐκκόψαιεν,
1375 2570 1508 2625 εὐθὺς
1541 2574 1616 2622 καὶ

153 2724 174 2743 ¹1
194 2718 400 2766 ’'ANAPEE]
434 2715 460 2754 ὦ
488 2720 606 2766 ἄνδρες
631 2721 680 2760 S.,
710 2726 745 2755 et
771 2721 917 2768 Dionys.
946 2722 1026 2756 Hal.
1051 2723 1119 2756 vol.
1141 2720 1176 2756 6.
1207 2735 1241 2768 p.
1265 2729 1352 2769 735,
1376 2732 1433 2769 15.
1461 2733 1552 2771 994,
1575 2734 1612 2769 3.

103 2791 121 2811 ¹
141 2787 352 2835 κωλύσουσι]
377 2789 549 2824 κωλύουσι
569 2790 611 2825 Y.
719 2797 737 2824 y
757 2791 962 2837 ἐπέσταλκε]
985 2773 1178 2825 ἐπέσταλκε
1199 2792 1238 2826 F.
1343 2798 1360 2816 Ζ
1379 2791 1609 2840 Ἁλοννήσου]

100 2839 293 2885 ἇλλονὴσου
315 2843 349 2877 S.
435 2849 454 2868 a
472 2843 599 2890 λέγων]
624 2845 738 2890 λέγειν
757 2845 800 2878 Y.
914 2841 933 2869 b
956 2844 1047 2891 ὑμῖν]
1069 2844 1147 2889 ἡμῖν
1167 2845 1212 2879 Ο.
1316 2851 1331 2870 ‘³
1351 2846 1493 2893 ἐχυροὺς
1512 2847 1554 2881 Α.
1578 2854 1613 2881 et

102 2909 137 2945 in
152 2923 220 2958 quo
235 2913 355 2947 eadem
372 2925 419 2947 m.
448 2929 463 2947 ε
482 2914 518 2947 in
536 2928 553 2947 0
569 2914 718 2948 mutavit
734 2914 769 2948 S.
800 2889 944 2960 ἕχυροὺς
960 2915 999 2948 F.
1035 2914 1234 2960 Legebatur
1249 2914 1406 2962 ὀχυρούς.
1478 2913 1496 2941 d
1516 2915 1610 2964 τοὺς]

102 2991 247 3038 λῃστὰς]
270 2975 509 3038 affirmamus
530 2994 568 3028 F.

813 3058 894 3086 ΜΖ
