1882 3250
34 177 199 232 138,17.
570 181 713 218 ΚΑΤΑ
744 180 1021 218 ΦΙΛΙΠΠΟὙ
1052 181 1100 216 Δ.
1518 178 1601 220 147

89 293 188 343 σετ’
227 291 285 360 ἐξ
317 291 441 343 ἴσου·
484 293 558 343 καὶ
597 292 714 346 ἰ’σως
749 289 819 353 ἂν,
857 290 986 351 ἰ’σως,
1027 296 1043 315 ‘³
1062 287 1098 339 ὦ
1141 287 1305 355 ἄνδρες
1343 288 1599 351 Ἀθηναῖοι,

90 376 252 442 ὥσπερ
289 374 305 402 f
320 382 401 427 νῦν
438 378 564 440 ὑμεῖς
601 374 898 427 πυνθάνεσθε
931 374 981 424 τί
1001 377 1126 424 ποιεῖ
1153 373 1391 425 Φίλιππος
1419 373 1494 422 καὶ
1520 376 1654 422 ποῖεο

87 460 345 526 πορεύεται,
372 461 517 513 οὕτως
555 467 576 494 g
595 457 651 509 ἂν
692 460 859 510 ἐκεῖνος
898 457 1151 525 φροντίσαι
1188 461 1275 507 ποῖ
1303 459 1412 506 ποθ’
1447 455 1475 515 ἡ
1518 458 1600 518 τῆς

91 543 274 596 πόλεως
300 545 479 611 ἀπῇρκε
506 541 697 605 δύναμις
723 543 797 591 καὶ
825 539 955 591 ι’ποῦ
982 539 1257 608 φανήσεται.

30 640 81 681 28
168 630 227 677 Εὶ
265 626 321 676 δε
352 649 418 695 τῳ
457 629 583 676 δοκεῖ
615 630 762 675 ταῦτα
800 647 876 674 και
920 621 1129 686 δαπάνης
1169 625 1358 685 πολλῆς
1397 624 1472 672 καὶ
1507 619 1595 672 πό-

95 733 187 761 νων
235 714 435 760 πολλῶν
488 710 563 759 καὶ
612 708 934 773 πραγματείας
988 704 1112 767 εἶναι,
1159 708 1234 756 καὶ
1284 703 1397 769 μάλ’
1451 706 1601 770 ὀρθῶς

95 798 230 846 δοκεῖ·
285 796 398 843 ἀλλ’
450 793 529 843 ε’ἀν
579 793 834 857 λογίσηται
884 789 943 840 τὰ
994 793 1052 857 τῇ
1102 788 1239 841 πόλει
1289 787 1407 853 μετὰ
1455 794 1601 838 ταῦτα
1616 814 1652 844 25

93 877 400 944 γενησόμενα,
428 877 506 927 ἐὰν
532 883 678 927 ταῦτα
703 875 768 940 μὴ
803 875 959 942 Ῐέθέλῃ
997 879 1157 937 ποιεῖν,
1184 872 1370 940 εὑρήσει
1405 879 1599 923 λυσιτε-

95 969 210 1014 λοῦν
248 962 301 1013 τὸ
335 962 523 1016 ἑκόντας
561 967 707 1013 ποιεῖν
746 960 806 1011 τὰ
851 959 1024 1011 δέοντα.
1065 963 1103 1010 εὶ
1143 958 1226 1022 μὲν
1265 957 1357 1023 γάρ
1395 957 1503 1007 ε’στί
1536 979 1605 1010 τις

95 1045 322 1111 ἐγγυητὴς
347 1044 368 1071 k
389 1047 493 1108 ὑμῖν
519 1049 636 1095 θεῶν
665 1045 739 1108 (οὐ
763 1042 856 1109 γὰρ
883 1042 1144 1108 ἀνθρώπων
1171 1065 1224 1107 γε
1252 1042 1396 1094 οὐδεὶς
1423 1039 1481 1090 ἂν
1501 1039 1605 1105 γέν-

96 1151 192 1179 οιτο
234 1127 488 1197 ἀξιόχρεως
539 1127 817 1193 τηλικούτου
866 1124 1165 1194 πράγματος)
1215 1127 1295 1187 ὡς,
1344 1123 1422 1174 ἐὰν
1470 1122 1603 1189 ἄγηθ’

97 1212 299 1279 ἡσυχίαν
324 1215 399 1263 καὶ
424 1211 672 1263 Ῑᾶπανταῃ
672 1209 922 1277 1πρόησθε,
949 1233 1031 1260 ουκ
1068 1210 1137 1260 ἐπ’
1167 1209 1332 1262 αὐτους
1371 1210 1488 1271 ὑμᾶς
1527 1230 1600 1258 τε·
1624 1215 1700 1267 138

34 1321 86 1364 29
98 1301 275 1347 λευτῶν
312 1298 510 1349 Πἐκεῖνος
548 1296 662 1364 ἥξει,
689 1293 889 1362 αἰσχρον
919 1317 1004 1358 μεν
1032 1318 1087 1358 νη
1114 1293 1196 1344 τὸν
1223 1293 1319 1344 Διά
1345 1316 1420 1343 και
1455 1290 1604 1343 οποίν-

98 1403 180 1434 τας
207 1379 337 1433 θεους
372 1403 447 1431 και
473 1379 714 1448 ἀνάξιον
692 1383 820 1443 υμῶν
856 1401 931 1428 και
957 1382 1051 1428 τῶν
1079 1376 1385 1443 ὑπαρχόντων
1421 1380 1478 1443 τῇ
1513 1373 1603 1426 πό-

100 1469 172 1514 λει
198 1464 273 1513 καὶ
299 1462 671 1529 Ρπεπραγμένων
696 1466 791 1514 τοῖς
816 1459 1081 1527 προγόνοις,
1109 1462 1192 1523 τῆς
1229 1460 1344 1511 ιδιας
1379 1457 1636 1525 ῥαθυμιαςὲ

100 1547 230 1598 ἕνεκα
280 1545 384 1600 τοὺς
435 1545 613 1600 ἄλλους
676 1545 920 1599 Ἷᾶπαντας
963 1542 1209 1608 “Ελληνας
1273 1547 1335 1596 εἰς
1395 1541 1611 1593 δουλείαν

102 1630 344 1697 προέσθαι,
379 1632 454 1681 καὶ
492 1631 628 1696 ἔγωγ’
668 1630 806 1684 αὐτὸς
847 1629 961 1693 Γμὲν
1000 1627 1216 1680 τεθνάναι
1252 1632 1441 1690 μᾶλλον
1483 1624 1541 1676 ἂν
1582 1624 1610 1690 ὴ

103 1716 229 1766 ταῦτ’
272 1714 495 1781 εἰρηκέναι
545 1714 820 1778 βουλοίμην·
864 1715 917 1765 οὐ
961 1712 1055 1777 μὴν
1101 1715 1213 1763 ἀλλ’
1265 1712 1306 1762 εἴ
1345 1734 1413 1764 τις
1459 1709 1611 1763 ἄλλος

14 1795 17 1868 Ἰ
104 1798 230 1863 λέγει
293 1800 368 1849 καὶ
431 1800 547 1862 ὑμᾶς
608 1799 767 1860 πείθει,
820 1798 957 1859 ε”ο-τω,
1008 1796 1073 1861 μὴ
1123 1796 1370 1860 ἀμύνεσθε,
1424 1792 1611 1844 ἅπαντα

0 1907 5 1930 τ
34 1909 92 1950 30
103 1881 323 1948 πρόεσθε.
360 1886 397 1932 εἰ
423 1881 470 1932 δὲ
495 1884 655 1946 μηδενὶ
674 1887 811 1932 τοῦτο
838 1884 996 1942 8δοκεῖ,
1015 1880 1283 1931 τούναντίον
1310 1879 1358 1928 δὲ
1376 1876 1609 1943 πρόϊσμεν
1627 1901 1663 1921 ιο

0 1970 18 2039 i}
104 1964 316 2028 ἅπαντες,
345 1965 416 2016 ὅτι
454 1964 555 2034 ὅσῳ
594 1964 652 2015 ἂν
684 1962 914 2016 πλειόνων
947 1963 1160 2027 ἐάσωμεν
1195 1965 1365 2013 ἐκεῖνον
1391 1961 1611 2025 γενέσθαι

103 2048 272 2116 κύριον,
298 2049 512 2118 τοσούτῳ
552 2047 866 2116 χαλεπωτέρῳ
904 2050 979 2097 καὶ
1010 2047 1297 2114 ἰσχυροτέρῳ
1335 2042 1612 2112 χρησόμεθα

103 2135 267 2203 ἐχθρῷ,
293 2135 407 2184 ἶποῖ
427 2133 718 2195 ἀναδυόμεθα
740 2154 752 2194 ;
798 2130 825 2195 ὴ
852 2132 900 2181 τί
921 2130 1158 2194 μέλλομεν
1181 2152 1193 2192 ;
1238 2127 1265 2192 ἢ
1303 2127 1430 2190 πότε,
1458 2126 1494 2178 ὦ
1521 2127 1607 2177 ἅν-

104 2301 322 2367 “οἰνάγκη
359 2324 429 2355 τις
465 2299 511 2369 ᾗ.
554 2300 669 2351 ἀλλ’
701 2299 758 2363 ἢν
783 2299 867 2363 μὲν
894 2299 951 2349 ἄν
976 2321 1040 2351 τις
1070 2298 1324 2363 ἐλευθέρων
1350 2296 1612 2362 ἀνθρώπων

105 2383 314 2451 ἀνάγκην
348 2384 480 2447 ε’ίποι,
516 2385 569 2434 οὐ
606 2382 750 2447 μόνον
789 2382 875 2447 ἤδη
909 2381 1151 2447 πάρεστιν,
1179 2380 1309 2431 ἀλλὰ
1348 2382 1422 2431 καὶ
1461 2379 1612 2431 πάλαι

18 2438 21 2456 ι

18 2464 21 2490 Ι

18 2491 22 2553 ι
159 2526 175 2546 θ
194 2517 221 2554 (3
239 2520 356 2565 ἄνδρες
373 2518 542 2563 Ἀθηναῖοι
562 2531 630 2553 om.
654 2518 689 2552 S.
790 2514 805 2541 f
821 2519 878 2551 νῦν
899 2517 991 2561 ὑμεῖς
1009 2517 1093 2551 A.S.
1125 2517 1217 2560 ὑμεῖς
1238 2518 1296 2550 νῦν
1314 2516 1432 2562 vulgo.
1532 2522 1553 2549 g
1572 2515 1613 2550 ἂν

19 2594 23 2635 ¹
105 2572 306 2620 φροντίσαι]
335 2572 517 2619 φρυντίσει
538 2571 745 2606 F.Y.O.u.v.
903 2568 918 2589 ¹¹
946 2570 1030 2616 ποῦ]
1059 2572 1119 2603 ποῖ
1138 2569 1300 2605 F.O.u.v.
1460 2568 1465 2590 ἱ
1493 2569 1609 2614 ἐθέλῃ]

20 2643 23 2672 1
106 2628 187 2670 θέλῃ
209 2627 244 2661 S.
348 2623 368 2650 k
390 2625 484 2672 ὑμῖν]
510 2625 586 2669 ἡμῖν
606 2624 815 2659 F.Y.O.u.v.
921 2620 932 2647 Ῑ
951 2622 1098 2669 ἅπαντα]
1123 2624 1232 2656 πάντα
1253 2623 1289 2656 S.
1389 2628 1419 2646 ¹¹¹
1439 2622 1609 2667 πρόησθε]

19 2674 23 2703 ¹
104 2680 257 2726 προῆσθε
285 2691 337 2725 pr.
361 2679 396 2714 S.
552 2684 572 2702 Π
601 2678 724 2712 ἐκεῖνος
743 2689 812 2711 om.
835 2676 871 2711 S.
1029 2681 1046 2700 0
1075 2675 1218 2721 πάντας]
1250 2677 1377 2710 πάντας
1396 2676 1474 2711 τοὺς
1494 2675 1612 2709 O.u.v.

21 2757 24 2784 ι
105 2739 125 2767 P
144 2747 243 2779 πεπρ.
267 2733 303 2767 S.
326 2738 360 2767 et
380 2745 415 2778 p.
444 2742 528 2771 102,
548 2742 586 2776 3.
618 2734 684 2764 τῶν
703 2744 803 2775 πεπρ.
823 2730 940 2774 Vulgo.
1073 2735 1092 2762 q
1112 2728 1260 2764 ἅπαντας
1274 2728 1446 2771 “Ελληνιις
1467 2729 1501 2762 S.
1526 2728 1610 2762 ’Έλ-

21 2786 24 2825 ἰ
105 2788 209 2830 ληνας
227 2785 375 2821 ἅπαντας
394 2786 511 2831 vulgo.
541 2785 668 2819 πάντας
681 2783 853 2826 Ἕλληνας
872 2795 905 2827 p.
929 2793 1011 2823 102,
1028 2793 1064 2828 4.
1085 2783 1184 2816 libris
1209 2782 1366 2816 similiter
1385 2782 1611 2816 variantibus.

21 2830 25 2895 ἱ
108 2846 124 2866 ¹·
141 2839 202 2883 μὲν
219 2839 376 2873 additum
397 2851 439 2873 ex
460 2839 496 2872 S.
519 2843 553 2872 et
574 2850 607 2883 p.
634 2848 720 2876 102,
744 2846 779 2883 5.
800 2836 860 2870 ubi
879 2836 958 2869 libri
977 2836 1103 2881 partim
1124 2836 1176 2869 καὶ
1195 2834 1293 2881 ἔγωγ’
1315 2836 1415 2871 αὐτὸς
1433 2833 1473 2869 ἂν
1492 2836 1609 2869 τεθνά-

22 2897 25 2927 l
107 2907 159 2926 ναι
177 2894 310 2936 μᾶλλον
328 2892 346 2936 ἢ
366 2891 459 2926 ταῦτ’
481 2891 642 2937 εἲρηκέναι
660 2890 859 2934 βουλοίμην.
1003 2897 1016 2915 ⁵
1037 2888 1142 2935 δοκεῖ]
1169 2889 1247 2932 δοκῇ
1269 2889 1303 2923 S.
1447 2891 1459 2914 ἵ
1477 2889 1555 2937 ποῖ]
1580 2890 1614 2924 τί

22 2932 25 2998 J
109 2945 226 2981 O.u.v.
335 2952 356 2970 Π
373 2945 498 2991 ἀνάγκη
517 2944 585 2990 τις]
609 2944 788 2990 ἀναγκαῖον
809 2943 845 2977 S.
868 2943 924 2976 hic
943 2948 977 2977 et
996 2955 1030 2988 p.
1050 2953 1134 2983 102,
1156 2952 1215 2988 13.

23 3003 26 3026 ἦ

23 3033 26 3050 ῐ

24 3223 28 3250 l

0 2071 6 2102 ἱ

0 2128 9 2232 k
229 2219 238 2233 9
412 2221 431 2231 Α
542 2217 554 2234 x
627 2217 640 2233 ι
879 2220 896 2227 ἢ
956 2216 965 2230 ›
1067 2213 1079 2229 1
1309 2211 1330 2229 et
1483 2210 1495 2226 x
1587 2212 1608 2228 n

0 2234 12 2873 ἰ
35 2249 85 2291 3¹
103 2221 205 2283 δρες
245 2221 483 2281 Αθηναιοι,
502 2241 560 2268 τα
586 2221 748 2267 δεοντα
772 2238 919 2266 ποιειν
944 2219 1233 2277 εθελησομεν
1254 2240 1264 2273 3
1307 2235 1419 2262 οταν
1445 2235 1501 2275 νη
1529 2216 1593 2261 Δι
1631 2232 1662 2261 ·5

0 2876 8 2925 ἰ

0 2947 8 2977 ι

813 3016 885 3046 U2
