1882 3250
206 158 292 197 2924
727 154 1199 208 [ΔΗΜΟΣΘΕΝΟΎΣ]
1297 153 1379 192 On.
1400 152 1554 190 XVII.
1580 167 1618 206 p.
1640 165 1737 202 210,
1759 168 1850 196 17—

209 272 415 332 Θηβαῖοι
451 269 527 317 καὶ
558 270 837 327 “σωθῶσιν,
864 266 975 316 ἀλλ’
1005 265 1116 315 Χοῦν
1147 264 1482 329 ἀσθενέστεροί
1512 264 1554 328 γ’
1584 263 1721 314 ε”σον-

207 373 284 401 ται
318 351 426 413 ἡμῖν
464 371 731 415 συμμαχων
766 347 1086 413 γεγενημένων
1118 348 1262 396 τῶνδε
1298 349 1371 395 καὶ
1404 348 1459 395 δι’
1486 346 1607 408 ἡμᾶς
1637 367 1722 394 σε-

209 433 488 496 σωσμένων·
532 430 655 481 ὥστε
685 432 903 495 πανταχῆ
936 427 1167 495 συμφέρει
1205 427 1320 491 μήτε
1354 427 1585 493 προέσθαι
1619 426 1727 481 τοὺς

209 514 445 581 Ἀρκάδας
479 513 595 577 μήτε
631 515 684 562 δι’
712 512 889 572 αὑτοὺς,
923 510 980 561 ἂν
1013 511 1105 576 ἄρα
1139 515 1350 571 σωθῶσι,
1377 511 1724 576 περιγεγονέναι
1740 537 1780 558 20

208 601 399 658 Ῡδοκεῖν,
427 597 542 660 μήτε
569 597 622 646 δι’
652 595 831 648 ἄλλους
857 593 997 655 τινὰς,
1026 592 1156 643 ἀλλὰ
1183 595 1240 642 δι’
1269 595 1401 655 ὑμᾶς.

141 700 194 742 37
283 679 412 744 Ἐγὼ
444 678 528 741 μὲν
554 678 674 738 Ζοῦν,
702 675 738 727 ὦ
769 677 928 742 ἄνδρες
957 677 1212 739 Ἀθηναῖοι,
1238 675 1306 738 μὰ
1331 675 1438 728 τοὺς
1464 675 1595 729 θεοὺς
1623 677 1726 727 οὔτε

210 766 367 830 φιλῶν
392 761 656 826 οὐδετέρους
688 762 792 810 οὔτε
825 764 981 822 μισῶν
1013 760 1104 827 ἰδίᾳ
1130 759 1301 824 εἴρηκα,
1329 759 1467 808 3ἀλλ’
1497 755 1528 807 ἃ
1559 757 1727 823 νομίζω

208 843 468 912 συμφέρειν
504 844 624 906 ὑμῖν·
668 844 743 892 καὶ
776 845 988 906 παραινῶ
1019 840 1083 904 μὴ
1112 841 1344 906 προέσθαι
1373 843 1723 906 Μεγαλοπολί-

209 949 306 988 τας,
341 928 449 990 μηδ’
483 926 637 976 ἄλλον
671 926 837 977 ἁπλῶς
874 924 1050 987 μηδένα
1088 929 1180 974 τῶν
1215 924 1481 975 ἐλαττόνων
1517 929 1582 993 τῷ
1620 926 1720 987 μεί-
1738 950 1777 981 ²5

210 1007 350 1074 (emb.

927 1240 1007 1286 IZ.

319 1360 508 1411 ΠΕΡΙ
558 1359 734 1410 ΤΩΝ
790 1359 1003 1410 ΠΡΟΣ
1058 1354 1615 1411 ΑΛΕΞΑΝΔΡΟΝ
1740 1375 1814 1404 211

718 1449 1210 1501 ΣΎΝΘΗΚΩΝ.

849 1688 1086 1718 ΥΠΟΘΕΣΙΣ.

263 1770 491 1816 Ἀλεξάνδρου
524 1772 584 1803 τοῦ
619 1769 813 1803 Μακεδόνος
845 1770 1123 1813 θκαταγαγόντος
1157 1768 1203 1803 εἷς
1233 1766 1421 1810 Μεσσήνην
1454 1767 1532 1802 τοὺς
1566 1767 1729 1801 Φιλιάδου

208 1836 271 1868 τοῦ
297 1835 461 1879 τυράννου
489 1833 622 1874 παῖδας,
643 1832 789 1865 αἰτιᾶται
814 1832 904 1876 παρὰ
928 1832 987 1866 τὰς
1014 1830 1182 1872 συνθήκας
1208 1828 1290 1864 εἶναι
1316 1833 1417 1864 τοῦτο
1440 1831 1499 1866 τὰς
1522 1831 1612 1874 παρὰ
1631 1829 1729 1874 Ἀθη-

209 1899 314 1933 ναίοις
343 1898 396 1931 καὶ
424 1896 577 1940 ’Ἕλλησι
607 1897 799 1942 γενομένας·
836 1894 1108 1940 παραβεβηκέναι
1137 1895 1172 1928 δὲ
1204 1895 1257 1928 καὶ
1287 1895 1321 1928 ἐν
1350 1895 1470 1929 ἄλλοις
1497 1895 1643 1928 πολλοῖς
1672 1894 1760 1935 τὰς5

210 1960 378 2005 συνθήκας
401 1961 490 2005 φησὶ
516 1960 595 1995 τοὺς
619 1959 825 1998 Μακεδόνας,
851 1959 902 1992 καὶ
927 1959 971 2002 μὴ
999 1960 1160 2003 περιορᾶν
1187 1960 1292 1992 ταῦτα
1320 1959 1483 2003 παραινεῖ.
1524 1959 1542 1990 ὁ
1565 1958 1601 1991 δέ
1626 1958 1732 2002 λόγος

209 2025 496 2071 ψευδεπίγραφος
520 2021 604 2057 εἶναι
627 2024 727 2058 δοκεῖ·
759 2024 798 2057 οὗ
817 2024 883 2068 γὰρ
906 2024 993 2056 ἔοικε
1016 2025 1099 2056 κατὰ
1125 2024 1185 2066 τὴν
1210 2023 1301 2056 ἰδέαν
1327 2024 1398 2057 τοῖς
1423 2022 1546 2058 ἅλλοις
1573 2024 1644 2057 τοῖς·
1669 2024 1730 2055 τοῦ

210 2089 465 2133 Δημοσθένους,
486 2088 577 2121 ἀλλὰ
600 2090 647 2134 τῷ
671 2084 882 2132 ιῙὙπερίδου
906 2088 1092 2131 χαρακτῆρι
1119 2088 1254 2130 μᾶλλον
1278 2088 1489 2131 προσχωρεῖ,
1511 2087 1552 2119 τά
1576 2100 1612 2119 τε
1636 2085 1727 2119 ἅλλα
1745 2099 1780 2119 10

210 2154 263 2187 καὶ
287 2153 399 2197 λέξεις
426 2153 519 2186 τινὰς
546 2153 617 2196 ἕχει
647 2150 715 2184 κατ’
737 2151 863 2185 ἐκεῖνον
891 2153 1024 2193 μᾶλλον
1049 2149 1222 2194 εἷρημένιις
1248 2149 1265 2192 ἢ
1290 2150 1350 2182 τὸν
1373 2155 1388 2174 e
1403 2149 1633 2193 Δημοσθένην,
1658 2146 1730 2182 οἷον

211 2214 433 2251 ἶνεόπλουτοι
455 2217 506 2249 καὶ
528 2214 823 2261 ἕβδελυρεῦσεται
830 2244 836 2249 .

202 2289 479 2367 ἸΑΞΙΟΝ
512 2311 846 2379 ἀποδέχεσθαι,
874 2309 910 2361 ὦ
943 2312 1106 2377 ἄνδρες
1135 2315 1389 2373 Ἀθηναῖοι,
1416 2309 1611 2378 σφόδρα
1636 2315 1730 2360 τῶν

211 2401 308 2450 τοῖς
358 2395 511 2461 ὅρκοις
562 2397 638 2444 καὶ
690 2400 788 2447 ταῖς
839 2393 1095 2457 συνθήκαις
1147 2394 1538 2456 διακελευομένων
1585 2393 1726 2456 ἐμμέ-

267 2556 288 2575 ¹¹
309 2549 487 2596 σωθῶσιν]
513 2549 656 2583 σωθῶσι
676 2549 728 2582 καὶ
747 2548 791 2592 μὴ
807 2548 962 2581 πέσωσιν
979 2547 1149 2582 F.Y.O.V.
1220 2551 1238 2570 X
1260 2544 1335 2591 οὖν]
1361 2545 1441 2579 ὅταν
1459 2557 1513 2590 pr.
1533 2545 1568 2579 S.
1637 2550 1654 2577 Υ
1674 2544 1730 2578 δο-

213 2605 281 2637 κεῖν
300 2602 401 2649 μὴτε]
427 2603 536 2636 δοκεῖν
555 2603 638 2646 μηδὲ
659 2602 697 2635 F.
765 2607 782 2625 Ζ
803 2600 862 2634 οὖν
878 2613 946 2634 om.
965 2600 1131 2634 F.Y.O.V.
1200 2604 1218 2624 a
1237 2597 1314 2632 ἀλλ’
1331 2610 1400 2632 om.
1416 2599 1455 2631 A.
1524 2593 1544 2622 b
1565 2597 1732 2631 Clausula

213 2667 250 2700 in
276 2667 317 2700 B.
349 2666 401 2710 (et
430 2666 485 2710 S.)
516 2667 591 2699 haec
624 2672 698 2700 est:
738 2665 823 2709 ὑπὲρ
853 2667 1137 2710 μεγαλοπολιτῶν
1163 2667 1502 2702 ΗΙ-Ι,Δ’ΔΔΔΔΙΙΙΗ,
1533 2661 1627 2706 quod
1660 2672 1732 2693 non

213 2719 385 2764 intelligo.
435 2719 658 2753 Postremum
680 2725 711 2752 H
733 2719 761 2752 si
781 2719 929 2758 abesset,
951 2719 1060 2752 exiret
1079 2728 1248 2750 numerus
1268 2726 1354 2761 293.
1380 2713 1543 2748 REISK.
1602 2713 1732 2746 Proba-

213 2772 316 2805 bilior
341 2772 486 2816 Sauppii
517 2772 719 2816 conjectura
745 2778 797 2805 est
822 2771 940 2804 literas
969 2776 1164 2815 postremas
1191 2774 1358 2814 quattuor
1384 2768 1433 2801 sic
1461 2766 1668 2812 corrigentis
1692 2772 1732 2799 ut

215 2830 311 2858 ΠΙΙῙ.
360 2825 425 2858 Est
444 2825 552 2869 igitur
576 2824 661 2871 298.
783 2829 799 2848 C
820 2822 1086 2868 καταγαγόντος]
1111 2822 1315 2866 κατάγοντος
1335 2821 1375 2855 F.
1497 2815 1515 2843 d
1535 2816 1730 2863 Ὑπερίδου]

215 2877 392 2921 ὑπερεῖδον
414 2877 451 2911 F.
565 2882 580 2901 e
602 2876 839 2922 Δημοσθένην]
866 2877 1066 2919 Δημοσθένη
1088 2875 1172 2909 F.Y.
1288 2871 1303 2898 f
1320 2872 1537 2917 νεόπλουτοι]
1563 2869 1729 2905 νεοπλού-

215 2942 294 2963 τους
315 2929 400 2962 F.Y.
513 2934 534 2962 g
552 2928 838 2975 βδελυρεύσεται]
862 2927 1131 2973 βδελυρεῦεσθαι
1155 2927 1194 2961 Υ.
1224 2925 1534 2971 βδελυρευομένους
1555 2924 1594 2958 F.
