<?xml version="1.0" encoding="UTF-8"?>
<!DOCTYPE html PUBLIC "-//W3C//DTD XHTML 1.0 Transitional//EN"
    "http://www.w3.org/TR/xhtml1/DTD/xhtml1-transitional.dtd">
<html xmlns="http://www.w3.org/1999/xhtml" xml:lang="en" lang="en">
 <head>
  <title>
</title>
<meta http-equiv="Content-Type" content="text/html;charset=utf-8" />
  <meta name='ocr-system' content='tesseract 3.04.00' />
  <meta name='ocr-capabilities' content='ocr_page ocr_carea ocr_par ocr_line ocrx_word'/>
</head>
<body>
  <div class='ocr_page' id='page_1' title='image "./operaexrecension01demouoft_0506.png"; bbox 0 0 1903 3271; ppageno 0'>
   <div class='ocr_carea' id='block_1_1' title="bbox 202 170 1851 226">
    <p class='ocr_par' dir='ltr' id='par_1_1' title="bbox 202 170 1851 226">
     <span class='ocr_line' id='line_1_1' title="bbox 202 170 1851 226; baseline 0.002 -16"><span class='ocrx_word' id='word_1_1' title='bbox 202 170 286 213; x_wconf 78' lang='lat'>476</span> <span class='ocrx_word' id='word_1_2' title='bbox 742 173 1172 212; x_wconf 75' lang='grc' dir='ltr'>ΔΗΜΟΣΘΕΝΟΎΣ</span> <span class='ocrx_word' id='word_1_3' title='bbox 1310 170 1390 210; x_wconf 73' lang='lat' dir='ltr'>On.</span> <span class='ocrx_word' id='word_1_4' title='bbox 1410 170 1552 211; x_wconf 85' lang='lat' dir='ltr'>XIX.</span> <span class='ocrx_word' id='word_1_5' title='bbox 1577 185 1620 226; x_wconf 89' lang='lat' dir='ltr'>p.</span> <span class='ocrx_word' id='word_1_6' title='bbox 1637 183 1736 225; x_wconf 85' lang='lat'>449,</span> <span class='ocrx_word' id='word_1_7' title='bbox 1750 188 1851 213; x_wconf 77' lang='lat'><strong>⁴20—-</strong></span> 
     </span>
    </p>
   </div>
   <div class='ocr_carea' id='block_1_2' title="bbox 102 283 1893 1268">
    <p class='ocr_par' dir='ltr' id='par_1_2' title="bbox 102 283 1893 1268">
     <span class='ocr_line' id='line_1_2' title="bbox 201 283 1777 352; baseline -0.001 -18"><span class='ocrx_word' id='word_1_8' title='bbox 201 284 320 334; x_wconf 80' lang='grc' dir='ltr'>κακά</span> <span class='ocrx_word' id='word_1_9' title='bbox 358 283 646 349; x_wconf 71' lang='grc' dir='ltr'>Ῑήγωνίζετο,</span> <span class='ocrx_word' id='word_1_10' title='bbox 685 284 970 352; x_wconf 76' lang='grc' dir='ltr'>ἐξεβάλλετε</span> <span class='ocrx_word' id='word_1_11' title='bbox 1011 283 1152 334; x_wconf 82' lang='grc' dir='ltr'>αὐτὸν</span> <span class='ocrx_word' id='word_1_12' title='bbox 1193 284 1269 333; x_wconf 78' lang='grc' dir='ltr'>καὶ</span> <span class='ocrx_word' id='word_1_13' title='bbox 1313 283 1630 351; x_wconf 76' lang='grc' dir='ltr'>ἐξεσυρίττετε</span> <span class='ocrx_word' id='word_1_14' title='bbox 1671 284 1722 334; x_wconf 84' lang='grc' dir='ltr'>ἐκ</span> <span class='ocrx_word' id='word_1_15' title='bbox 1735 309 1777 332; x_wconf 89' lang='lat'>20</span> 
     </span>
     <span class='ocr_line' id='line_1_3' title="bbox 200 366 1724 434; baseline 0.002 -20"><span class='ocrx_word' id='word_1_16' title='bbox 200 372 294 418; x_wconf 77' lang='grc' dir='ltr'>,ιῶν</span> <span class='ocrx_word' id='word_1_17' title='bbox 333 367 650 434; x_wconf 76' lang='grc' dir='ltr'>θεάτρωνκαῖ</span> <span class='ocrx_word' id='word_1_18' title='bbox 683 367 828 431; x_wconf 90' lang='grc' dir='ltr'>μόνον</span> <span class='ocrx_word' id='word_1_19' title='bbox 867 368 919 417; x_wconf 79' lang='grc' dir='ltr'>οὐ</span> <span class='ocrx_word' id='word_1_20' title='bbox 953 366 1258 417; x_wconf 57' lang='grc' dir='ltr'>ιἨκατελευέτε</span> <span class='ocrx_word' id='word_1_21' title='bbox 1300 368 1460 430; x_wconf 79' lang='grc' dir='ltr'>οὕτως,</span> <span class='ocrx_word' id='word_1_22' title='bbox 1486 366 1613 418; x_wconf 80' lang='grc' dir='ltr'>ὥστε</span> <span class='ocrx_word' id='word_1_23' title='bbox 1649 389 1724 418; x_wconf 90' lang='grc' dir='ltr'>τε-</span> 
     </span>
     <span class='ocr_line' id='line_1_4' title="bbox 199 450 1724 518; baseline 0 -16"><span class='ocrx_word' id='word_1_24' title='bbox 199 456 439 503; x_wconf 84' lang='grc' dir='ltr'>λευτῶντα</span> <span class='ocrx_word' id='word_1_25' title='bbox 476 457 559 502; x_wconf 84' lang='grc' dir='ltr'>τοῦ</span> <span class='ocrx_word' id='word_1_26' title='bbox 595 456 982 518; x_wconf 82' lang='grc' dir='ltr'>τριταγωνιστεῖν</span> <span class='ocrx_word' id='word_1_27' title='bbox 1015 452 1295 514; x_wconf 83' lang='grc' dir='ltr'>ἀποστῆναι,</span> <span class='ocrx_word' id='word_1_28' title='bbox 1327 450 1521 515; x_wconf 60' lang='grc' dir='ltr'>Πέπειδὴ</span> <span class='ocrx_word' id='word_1_29' title='bbox 1557 450 1606 501; x_wconf 81' lang='grc' dir='ltr'>δὲ</span> <span class='ocrx_word' id='word_1_30' title='bbox 1640 451 1724 502; x_wconf 84' lang='grc' dir='ltr'>οὐκ</span> 
     </span>
     <span class='ocr_line' id='line_1_5' title="bbox 199 536 1722 600; baseline -0.001 -14"><span class='ocrx_word' id='word_1_31' title='bbox 199 537 273 587; x_wconf 75' lang='grc' dir='ltr'>ἐπὶ</span> <span class='ocrx_word' id='word_1_32' title='bbox 309 539 391 599; x_wconf 78' lang='grc' dir='ltr'>τῆς</span> <span class='ocrx_word' id='word_1_33' title='bbox 430 539 622 600; x_wconf 78' lang='grc' dir='ltr'>σκηνῆς,</span> <span class='ocrx_word' id='word_1_34' title='bbox 658 537 767 585; x_wconf 81' lang='grc' dir='ltr'>ἀλλ’</span> <span class='ocrx_word' id='word_1_35' title='bbox 804 537 853 585; x_wconf 89' lang='grc' dir='ltr'>ἐν</span> <span class='ocrx_word' id='word_1_36' title='bbox 889 539 986 588; x_wconf 87' lang='grc' dir='ltr'>τοῖς</span> <span class='ocrx_word' id='word_1_37' title='bbox 1019 539 1187 587; x_wconf 83' lang='grc' dir='ltr'>κοινοῖς</span> <span class='ocrx_word' id='word_1_38' title='bbox 1225 536 1301 585; x_wconf 82' lang='grc' dir='ltr'>καὶ</span> <span class='ocrx_word' id='word_1_39' title='bbox 1338 536 1608 600; x_wconf 85' lang='grc' dir='ltr'>ομεγίστοις</span> <span class='ocrx_word' id='word_1_40' title='bbox 1640 538 1722 598; x_wconf 86' lang='grc' dir='ltr'>τῆς</span> 
     </span>
     <span class='ocr_line' id='line_1_6' title="bbox 198 616 1723 685; baseline 0.001 -15"><span class='ocrx_word' id='word_1_41' title='bbox 198 619 382 673; x_wconf 86' lang='grc' dir='ltr'>πόλεως</span> <span class='ocrx_word' id='word_1_42' title='bbox 432 618 687 685; x_wconf 79' lang='grc' dir='ltr'>πράγμασι</span> <span class='ocrx_word' id='word_1_43' title='bbox 728 618 859 684; x_wconf 84' lang='grc' dir='ltr'>μυρί’</span> <span class='ocrx_word' id='word_1_44' title='bbox 903 617 1150 683; x_wconf 81' lang='grc' dir='ltr'>ε’ίργασται</span> <span class='ocrx_word' id='word_1_45' title='bbox 1201 616 1334 680; x_wconf 78' lang='grc' dir='ltr'>κακὰ,</span> <span class='ocrx_word' id='word_1_46' title='bbox 1377 619 1612 682; x_wconf 83' lang='grc' dir='ltr'>τηνικαῦθ’</span> <span class='ocrx_word' id='word_1_47' title='bbox 1660 620 1723 672; x_wconf 78' lang='grc' dir='ltr'>ὡς</span> 
     </span>
     <span class='ocr_line' id='line_1_7' title="bbox 102 701 1773 771; baseline -0.001 -20"><span class='ocrx_word' id='word_1_48' title='bbox 102 723 186 764; x_wconf 80' lang='lat'>390</span> <span class='ocrx_word' id='word_1_49' title='bbox 200 702 348 753; x_wconf 79' lang='grc' dir='ltr'>καλὸν</span> <span class='ocrx_word' id='word_1_50' title='bbox 393 703 706 771; x_wconf 76' lang='grc' dir='ltr'>φθεγγομένῳ</span> <span class='ocrx_word' id='word_1_51' title='bbox 749 702 1045 768; x_wconf 83' lang='grc' dir='ltr'>προσέχοιτε.</span> <span class='ocrx_word' id='word_1_52' title='bbox 1102 704 1341 765; x_wconf 80' lang='grc' dir='ltr'>μηδαμῶς·</span> <span class='ocrx_word' id='word_1_53' title='bbox 1381 701 1525 766; x_wconf 75' lang='grc' dir='ltr'>μηδὲν</span> <span class='ocrx_word' id='word_1_54' title='bbox 1568 703 1721 766; x_wconf 75' lang='grc' dir='ltr'>Ρὺμεῖς</span> <span class='ocrx_word' id='word_1_55' title='bbox 1735 727 1773 759; x_wconf 84' lang='lat'>25</span> 
     </span>
     <span class='ocr_line' id='line_1_8' title="bbox 198 783 1722 853; baseline -0.001 -16"><span class='ocrx_word' id='word_1_56' title='bbox 198 788 456 853; x_wconf 77' lang='grc' dir='ltr'>ἀβέλτερον</span> <span class='ocrx_word' id='word_1_57' title='bbox 480 785 676 850; x_wconf 82' lang='grc' dir='ltr'>πάθητε,</span> <span class='ocrx_word' id='word_1_58' title='bbox 704 785 836 836; x_wconf 78' lang='grc' dir='ltr'>ἀλλὰ</span> <span class='ocrx_word' id='word_1_59' title='bbox 863 785 1100 851; x_wconf 72' lang='grc' dir='ltr'>λογίζεσθ’</span> <span class='ocrx_word' id='word_1_60' title='bbox 1132 783 1201 835; x_wconf 78' lang='grc' dir='ltr'>ὅτι</span> <span class='ocrx_word' id='word_1_61' title='bbox 1238 788 1309 834; x_wconf 88' lang='grc' dir='ltr'>δεῖ</span> <span class='ocrx_word' id='word_1_62' title='bbox 1341 784 1518 851; x_wconf 89' lang='grc' dir='ltr'>κήρυκα</span> <span class='ocrx_word' id='word_1_63' title='bbox 1554 785 1638 849; x_wconf 81' lang='grc' dir='ltr'>μὲν</span> <span class='ocrx_word' id='word_1_64' title='bbox 1664 783 1722 836; x_wconf 79' lang='grc' dir='ltr'>ἂν</span> 
     </span>
     <span class='ocr_line' id='line_1_9' title="bbox 197 866 1721 939; baseline -0.001 -18"><span class='ocrx_word' id='word_1_65' title='bbox 197 870 485 936; x_wconf 74' lang='grc' dir='ltr'>δοκιμάζητε,</span> <span class='ocrx_word' id='word_1_66' title='bbox 530 872 776 939; x_wconf 58' lang='grc' dir='ltr'>(Ιεῦφωνον</span> <span class='ocrx_word' id='word_1_67' title='bbox 821 873 1030 930; x_wconf 82' lang='grc' dir='ltr'>σκοπεῖν,</span> <span class='ocrx_word' id='word_1_68' title='bbox 1072 866 1372 934; x_wconf 76' lang='grc' dir='ltr'>πρεσβευτὴν</span> <span class='ocrx_word' id='word_1_69' title='bbox 1418 868 1466 918; x_wconf 82' lang='grc' dir='ltr'>δὲ</span> <span class='ocrx_word' id='word_1_70' title='bbox 1507 871 1582 919; x_wconf 82' lang='grc' dir='ltr'>καὶ</span> <span class='ocrx_word' id='word_1_71' title='bbox 1626 873 1721 919; x_wconf 80' lang='grc' dir='ltr'>τῶν</span> 
     </span>
     <span class='ocr_line' id='line_1_10' title="bbox 196 950 1719 1023; baseline -0.002 -19"><span class='ocrx_word' id='word_1_72' title='bbox 196 958 362 1004; x_wconf 80' lang='grc' dir='ltr'>κοινῶν</span> <span class='ocrx_word' id='word_1_73' title='bbox 396 953 619 1023; x_wconf 74' lang='grc' dir='ltr'>ἀξιοῦντά</span> <span class='ocrx_word' id='word_1_74' title='bbox 656 976 699 1003; x_wconf 91' lang='grc' dir='ltr'>τι</span> <span class='ocrx_word' id='word_1_75' title='bbox 736 951 961 1019; x_wconf 89' lang='grc' dir='ltr'>πράττειν</span> <span class='ocrx_word' id='word_1_76' title='bbox 998 953 1174 1002; x_wconf 91' lang='grc' dir='ltr'>δίκαιον</span> <span class='ocrx_word' id='word_1_77' title='bbox 1213 953 1288 1001; x_wconf 76' lang='grc' dir='ltr'>καὶ</span> <span class='ocrx_word' id='word_1_78' title='bbox 1322 950 1526 1020; x_wconf 81' lang='grc' dir='ltr'>φρόνημ’</span> <span class='ocrx_word' id='word_1_79' title='bbox 1565 951 1719 1018; x_wconf 79' lang='grc' dir='ltr'>ἔχονθ’</span> 
     </span>
     <span class='ocr_line' id='line_1_11' title="bbox 196 1033 1720 1104; baseline -0.003 -15"><span class='ocrx_word' id='word_1_80' title='bbox 196 1038 309 1104; x_wconf 73' lang='grc' dir='ltr'>ὑπὲρ</span> <span class='ocrx_word' id='word_1_81' title='bbox 354 1037 459 1101; x_wconf 70' lang='grc' dir='ltr'>ι’μὲν</span> <span class='ocrx_word' id='word_1_82' title='bbox 504 1040 632 1101; x_wconf 81' lang='grc' dir='ltr'>ὑμῶν</span> <span class='ocrx_word' id='word_1_83' title='bbox 672 1038 808 1102; x_wconf 86' lang='grc' dir='ltr'>μέγα,</span> <span class='ocrx_word' id='word_1_84' title='bbox 854 1035 973 1103; x_wconf 78' lang='grc' dir='ltr'>πρὸς</span> <span class='ocrx_word' id='word_1_85' title='bbox 1019 1036 1057 1086; x_wconf 80' lang='grc' dir='ltr'>δ’</span> <span class='ocrx_word' id='word_1_86' title='bbox 1102 1037 1220 1099; x_wconf 81' lang='grc' dir='ltr'>ὑμᾶς</span> <span class='ocrx_word' id='word_1_87' title='bbox 1259 1035 1380 1098; x_wconf 81' lang='grc' dir='ltr'>ἰ’σον,</span> <span class='ocrx_word' id='word_1_88' title='bbox 1422 1033 1586 1101; x_wconf 77' lang='grc' dir='ltr'>ὥσπερ</span> <span class='ocrx_word' id='word_1_89' title='bbox 1628 1033 1720 1100; x_wconf 81' lang='grc' dir='ltr'>ἐγὼ</span> 
     </span>
     <span class='ocr_line' id='line_1_12' title="bbox 195 1111 1884 1186; baseline -0.004 -14"><span class='ocrx_word' id='word_1_90' title='bbox 195 1124 463 1173; x_wconf 53' lang='grc' dir='ltr'>ς)Φίλιππον</span> <span class='ocrx_word' id='word_1_91' title='bbox 513 1121 628 1185; x_wconf 54' lang='grc' dir='ltr'>ζμὲν</span> <span class='ocrx_word' id='word_1_92' title='bbox 679 1122 762 1172; x_wconf 83' lang='grc' dir='ltr'>οὐκ</span> <span class='ocrx_word' id='word_1_93' title='bbox 822 1120 1084 1183; x_wconf 85' lang='grc' dir='ltr'>ἐθαύμασα,</span> <span class='ocrx_word' id='word_1_94' title='bbox 1135 1118 1242 1173; x_wconf 79' lang='grc' dir='ltr'>τοὺς</span> <span class='ocrx_word' id='word_1_95' title='bbox 1303 1122 1343 1169; x_wconf 80' lang='grc' dir='ltr'>δ’</span> <span class='ocrx_word' id='word_1_96' title='bbox 1389 1118 1718 1186; x_wconf 81' lang='grc' dir='ltr'>αἰχμαλώτους</span> <span class='ocrx_word' id='word_1_97' title='bbox 1731 1136 1817 1180; x_wconf 84' lang='lat'>450</span> <span class='ocrx_word' id='word_1_98' title='bbox 1871 1111 1884 1178; x_wconf 34' lang='lat'>.-</span> 
     </span>
     <span class='ocr_line' id='line_1_13' title="bbox 193 1196 1893 1268; baseline -0.002 -12"><span class='ocrx_word' id='word_1_99' title='bbox 193 1204 494 1268; x_wconf 78' lang='grc' dir='ltr'>11ἐθαύμασα,</span> <span class='ocrx_word' id='word_1_100' title='bbox 532 1205 712 1266; x_wconf 75' lang='grc' dir='ltr'>ἔσωσα,</span> <span class='ocrx_word' id='word_1_101' title='bbox 747 1203 908 1254; x_wconf 66' lang='grc' dir='ltr'>Χοὺδὲν</span> <span class='ocrx_word' id='word_1_102' title='bbox 949 1202 1316 1266; x_wconf 79' lang='grc' dir='ltr'>ὑπεστειλάμην.</span> <span class='ocrx_word' id='word_1_103' title='bbox 1361 1203 1493 1257; x_wconf 74' lang='grc' dir='ltr'>οὗτος</span> <span class='ocrx_word' id='word_1_104' title='bbox 1530 1206 1570 1254; x_wconf 87' lang='grc' dir='ltr'>δ’</span> <span class='ocrx_word' id='word_1_105' title='bbox 1599 1203 1714 1254; x_wconf 86' lang='grc' dir='ltr'>ἐκεί·</span> <span class='ocrx_word' id='word_1_106' title='bbox 1889 1196 1893 1208; x_wconf 46' lang='lat'>¹</span> 
     </span>
    </p>
   </div>
   <div class='ocr_carea' id='block_1_3' title="bbox 194 1286 1717 1356">
    <p class='ocr_par' dir='ltr' id='par_1_3' title="bbox 194 1286 1717 1356">
     <span class='ocr_line' id='line_1_14' title="bbox 194 1286 1717 1356; baseline -0.002 -15"><span class='ocrx_word' id='word_1_107' title='bbox 194 1313 275 1341; x_wconf 94' lang='grc' dir='ltr'>νου</span> <span class='ocrx_word' id='word_1_108' title='bbox 313 1289 399 1353; x_wconf 76' lang='grc' dir='ltr'>μὲν</span> <span class='ocrx_word' id='word_1_109' title='bbox 433 1290 817 1356; x_wconf 82' lang='grc' dir='ltr'>προύκυλινδεῖτο</span> <span class='ocrx_word' id='word_1_110' title='bbox 852 1290 955 1338; x_wconf 63' lang='grc' dir='ltr'>Υκαὶ</span> <span class='ocrx_word' id='word_1_111' title='bbox 989 1286 1095 1342; x_wconf 74' lang='grc' dir='ltr'>τοὺς</span> <span class='ocrx_word' id='word_1_112' title='bbox 1126 1292 1328 1342; x_wconf 83' lang='grc' dir='ltr'>παιᾶνας</span> <span class='ocrx_word' id='word_1_113' title='bbox 1360 1286 1483 1356; x_wconf 82' lang='grc' dir='ltr'>ᾖδεν,</span> <span class='ocrx_word' id='word_1_114' title='bbox 1511 1290 1640 1352; x_wconf 83' lang='grc' dir='ltr'>ὑμῶν</span> <span class='ocrx_word' id='word_1_115' title='bbox 1675 1290 1717 1338; x_wconf 84' lang='grc' dir='ltr'>δ’</span> 
     </span>
    </p>
   </div>
   <div class='ocr_carea' id='block_1_4' title="bbox 1853 0 1903 1450">
    <p class='ocr_par' dir='ltr' id='par_1_4' title="bbox 1853 0 1903 1450">
     <span class='ocr_line' id='line_1_15' title="bbox 1853 0 1903 1450; baseline 0 0"><span class='ocrx_word' id='word_1_116' title='bbox 1853 0 1903 1450; x_wconf 95' lang='lat' dir='ltr'> </span> 
     </span>
    </p>
   </div>
   <div class='ocr_carea' id='block_1_5' title="bbox 95 1371 1770 2111">
    <p class='ocr_par' dir='ltr' id='par_1_5' title="bbox 95 1371 1770 1945">
     <span class='ocr_line' id='line_1_16' title="bbox 95 1371 1714 1441; baseline 0.001 -20"><span class='ocrx_word' id='word_1_117' title='bbox 95 1395 175 1436; x_wconf 83' lang='lat'>391</span> <span class='ocrx_word' id='word_1_118' title='bbox 193 1382 210 1401; x_wconf 73' lang='grc' dir='ltr'><strong>Ζ</strong></span> <span class='ocrx_word' id='word_1_119' title='bbox 229 1374 482 1441; x_wconf 83' lang='grc' dir='ltr'>ὑπερεώρα.</span> <span class='ocrx_word' id='word_1_120' title='bbox 526 1373 590 1423; x_wconf 69' lang='grc' dir='ltr'>ε”τι</span> <span class='ocrx_word' id='word_1_121' title='bbox 617 1373 772 1423; x_wconf 82' lang='grc' dir='ltr'>τοίνυν</span> <span class='ocrx_word' id='word_1_122' title='bbox 800 1372 912 1422; x_wconf 80' lang='grc' dir='ltr'>ὅταν</span> <span class='ocrx_word' id='word_1_123' title='bbox 938 1371 1022 1435; x_wconf 78' lang='grc' dir='ltr'>μὲν</span> <span class='ocrx_word' id='word_1_124' title='bbox 1050 1371 1207 1436; x_wconf 62' lang='grc' dir='ltr'>ὃ’ίδητε</span> <span class='ocrx_word' id='word_1_125' title='bbox 1234 1373 1475 1437; x_wconf 83' lang='grc' dir='ltr'>δεινότητα</span> <span class='ocrx_word' id='word_1_126' title='bbox 1501 1371 1530 1438; x_wconf 88' lang='grc' dir='ltr'>ὴ</span> <span class='ocrx_word' id='word_1_127' title='bbox 1557 1373 1714 1440; x_wconf 80' lang='grc' dir='ltr'>εὐφω-</span> 
     </span>
     <span class='ocr_line' id='line_1_17' title="bbox 194 1455 1747 1523; baseline -0.003 -13"><span class='ocrx_word' id='word_1_128' title='bbox 194 1460 296 1510; x_wconf 91' lang='grc' dir='ltr'>νίαν</span> <span class='ocrx_word' id='word_1_129' title='bbox 322 1459 357 1523; x_wconf 75' lang='grc' dir='ltr'><em>ἤ</em></span> <span class='ocrx_word' id='word_1_130' title='bbox 377 1481 420 1509; x_wconf 91' lang='grc' dir='ltr'>τι</span> <span class='ocrx_word' id='word_1_131' title='bbox 456 1456 474 1484; x_wconf 76' lang='lat' dir='ltr'>b</span> <span class='ocrx_word' id='word_1_132' title='bbox 491 1461 586 1508; x_wconf 82' lang='grc' dir='ltr'>τῶν</span> <span class='ocrx_word' id='word_1_133' title='bbox 613 1456 780 1506; x_wconf 79' lang='grc' dir='ltr'>ἄλλων</span> <span class='ocrx_word' id='word_1_134' title='bbox 813 1460 907 1506; x_wconf 83' lang='grc' dir='ltr'>τῶν</span> <span class='ocrx_word' id='word_1_135' title='bbox 933 1455 1155 1506; x_wconf 85' lang='grc' dir='ltr'>τοιούτων</span> <span class='ocrx_word' id='word_1_136' title='bbox 1181 1457 1376 1521; x_wconf 80' lang='grc' dir='ltr'>ἀγαθῶν</span> <span class='ocrx_word' id='word_1_137' title='bbox 1403 1457 1478 1507; x_wconf 78' lang='grc' dir='ltr'>ἐπὶ</span> <span class='ocrx_word' id='word_1_138' title='bbox 1503 1461 1747 1523; x_wconf 83' lang='grc' dir='ltr'>χρηστοῦ5</span> 
     </span>
     <span class='ocr_line' id='line_1_18' title="bbox 194 1539 1718 1610; baseline -0.003 -17"><span class='ocrx_word' id='word_1_139' title='bbox 194 1545 268 1594; x_wconf 76' lang='grc' dir='ltr'>καὶ</span> <span class='ocrx_word' id='word_1_140' title='bbox 295 1542 550 1610; x_wconf 85' lang='grc' dir='ltr'>φιλοτίμου</span> <span class='ocrx_word' id='word_1_141' title='bbox 576 1539 887 1606; x_wconf 78' lang='grc' dir='ltr'>γεγενημένον</span> <span class='ocrx_word' id='word_1_142' title='bbox 913 1539 1178 1605; x_wconf 81' lang='grc' dir='ltr'>ἀνθρώπου,</span> <span class='ocrx_word' id='word_1_143' title='bbox 1202 1540 1480 1606; x_wconf 82' lang='grc' dir='ltr'>συγχαίρειν</span> <span class='ocrx_word' id='word_1_144' title='bbox 1507 1541 1582 1590; x_wconf 77' lang='grc' dir='ltr'>καὶ</span> <span class='ocrx_word' id='word_1_145' title='bbox 1602 1562 1718 1590; x_wconf 93' lang='grc' dir='ltr'>συν-</span> 
     </span>
     <span class='ocr_line' id='line_1_19' title="bbox 193 1622 1718 1688; baseline -0.001 -11"><span class='ocrx_word' id='word_1_146' title='bbox 193 1631 357 1678; x_wconf 90' lang='grc' dir='ltr'>ασκεῖν</span> <span class='ocrx_word' id='word_1_147' title='bbox 392 1624 598 1678; x_wconf 77' lang='grc' dir='ltr'>επάντας</span> <span class='ocrx_word' id='word_1_148' title='bbox 637 1627 717 1675; x_wconf 86' lang='grc' dir='ltr'>δεῖ·</span> <span class='ocrx_word' id='word_1_149' title='bbox 761 1622 914 1673; x_wconf 80' lang='grc' dir='ltr'>κοινὸν</span> <span class='ocrx_word' id='word_1_150' title='bbox 944 1622 1038 1688; x_wconf 79' lang='grc' dir='ltr'>γὰρ</span> <span class='ocrx_word' id='word_1_151' title='bbox 1074 1623 1090 1650; x_wconf 83' lang='lat'>‘¹</span> <span class='ocrx_word' id='word_1_152' title='bbox 1103 1625 1209 1686; x_wconf 87' lang='grc' dir='ltr'>ὑμῖν</span> <span class='ocrx_word' id='word_1_153' title='bbox 1236 1628 1384 1682; x_wconf 70' lang='grc' dir='ltr'>Εποῖσι</span> <span class='ocrx_word' id='word_1_154' title='bbox 1419 1629 1514 1677; x_wconf 86' lang='grc' dir='ltr'>τοῖς</span> <span class='ocrx_word' id='word_1_155' title='bbox 1550 1623 1718 1677; x_wconf 76' lang='grc' dir='ltr'>ἄλλοις</span> 
     </span>
     <span class='ocr_line' id='line_1_20' title="bbox 192 1706 1716 1775; baseline -0.003 -14"><span class='ocrx_word' id='word_1_156' title='bbox 192 1711 316 1761; x_wconf 81' lang='grc' dir='ltr'>τοῦτ’</span> <span class='ocrx_word' id='word_1_157' title='bbox 359 1707 559 1775; x_wconf 49' lang='grc' dir='ltr'>ῗάγαθὸν</span> <span class='ocrx_word' id='word_1_158' title='bbox 600 1709 826 1774; x_wconf 85' lang='grc' dir='ltr'>γίγνεται·</span> <span class='ocrx_word' id='word_1_159' title='bbox 869 1706 982 1757; x_wconf 82' lang='grc' dir='ltr'>ὅταν</span> <span class='ocrx_word' id='word_1_160' title='bbox 1019 1707 1055 1756; x_wconf 91' lang='grc' dir='ltr'>δ’</span> <span class='ocrx_word' id='word_1_161' title='bbox 1098 1708 1172 1756; x_wconf 82' lang='grc' dir='ltr'>ἐπὶ</span> <span class='ocrx_word' id='word_1_162' title='bbox 1214 1706 1479 1772; x_wconf 87' lang='grc' dir='ltr'>δωροδόκου</span> <span class='ocrx_word' id='word_1_163' title='bbox 1521 1709 1598 1758; x_wconf 83' lang='grc' dir='ltr'>καὶ</span> <span class='ocrx_word' id='word_1_164' title='bbox 1629 1730 1716 1759; x_wconf 86' lang='grc' dir='ltr'>πο-</span> 
     </span>
     <span class='ocr_line' id='line_1_21' title="bbox 194 1788 1770 1860; baseline -0.003 -16"><span class='ocrx_word' id='word_1_165' title='bbox 194 1799 335 1860; x_wconf 84' lang='grc' dir='ltr'>νηροῦ</span> <span class='ocrx_word' id='word_1_166' title='bbox 374 1795 450 1843; x_wconf 85' lang='grc' dir='ltr'>καὶ</span> <span class='ocrx_word' id='word_1_167' title='bbox 487 1790 664 1845; x_wconf 81' lang='grc' dir='ltr'>παντὸς</span> <span class='ocrx_word' id='word_1_168' title='bbox 699 1791 891 1855; x_wconf 82' lang='grc' dir='ltr'>ἥττονος</span> <span class='ocrx_word' id='word_1_169' title='bbox 922 1788 1184 1854; x_wconf 86' lang='grc' dir='ltr'>λήμματος,</span> <span class='ocrx_word' id='word_1_170' title='bbox 1218 1791 1483 1841; x_wconf 85' lang='grc' dir='ltr'>ἀποκλείειν</span> <span class='ocrx_word' id='word_1_171' title='bbox 1518 1792 1593 1842; x_wconf 81' lang='grc' dir='ltr'>καὶ</span> <span class='ocrx_word' id='word_1_172' title='bbox 1630 1813 1709 1842; x_wconf 91' lang='grc' dir='ltr'>πι-</span> <span class='ocrx_word' id='word_1_173' title='bbox 1732 1817 1770 1839; x_wconf 83' lang='grc' dir='ltr'>ιο</span> 
     </span>
     <span class='ocr_line' id='line_1_22' title="bbox 193 1874 1716 1945; baseline -0.001 -17"><span class='ocrx_word' id='word_1_174' title='bbox 193 1882 313 1945; x_wconf 85' lang='grc' dir='ltr'>κρῶς</span> <span class='ocrx_word' id='word_1_175' title='bbox 352 1879 427 1927; x_wconf 78' lang='grc' dir='ltr'>καὶ</span> <span class='ocrx_word' id='word_1_176' title='bbox 459 1877 675 1929; x_wconf 81' lang='grc' dir='ltr'>ἐναντίως</span> <span class='ocrx_word' id='word_1_177' title='bbox 713 1874 937 1937; x_wconf 59' lang='grc' dir='ltr'>ἕάκούειν,</span> <span class='ocrx_word' id='word_1_178' title='bbox 966 1877 1027 1927; x_wconf 88' lang='grc' dir='ltr'>ὡς</span> <span class='ocrx_word' id='word_1_179' title='bbox 1065 1875 1266 1941; x_wconf 84' lang='grc' dir='ltr'>πονηρία</span> <span class='ocrx_word' id='word_1_180' title='bbox 1299 1874 1535 1939; x_wconf 84' lang='grc' dir='ltr'>δυνάμεως</span> <span class='ocrx_word' id='word_1_181' title='bbox 1569 1875 1716 1944; x_wconf 74' lang='grc' dir='ltr'>δόξαν</span> 
     </span>
    </p>

    <p class='ocr_par' dir='ltr' id='par_1_6' title="bbox 95 1957 1711 2111">
     <span class='ocr_line' id='line_1_23' title="bbox 95 1957 1711 2029; baseline -0.002 -16"><span class='ocrx_word' id='word_1_182' title='bbox 95 1961 439 2029; x_wconf 46' lang='grc' dir='ltr'>392ᾒεὺρομένη</span> <span class='ocrx_word' id='word_1_183' title='bbox 477 1965 590 2026; x_wconf 79' lang='grc' dir='ltr'>παρ’</span> <span class='ocrx_word' id='word_1_184' title='bbox 619 1961 748 2023; x_wconf 80' lang='grc' dir='ltr'>ὑμῶν</span> <span class='ocrx_word' id='word_1_185' title='bbox 774 1961 848 2010; x_wconf 77' lang='grc' dir='ltr'>ἐπὶ</span> <span class='ocrx_word' id='word_1_186' title='bbox 882 1957 967 2023; x_wconf 85' lang='grc' dir='ltr'>τὴν</span> <span class='ocrx_word' id='word_1_187' title='bbox 1002 1958 1144 2010; x_wconf 88' lang='grc' dir='ltr'>πόλιν</span> <span class='ocrx_word' id='word_1_188' title='bbox 1179 1960 1325 2010; x_wconf 87' lang='grc' dir='ltr'>ἐστίν.</span> <span class='ocrx_word' id='word_1_189' title='bbox 1372 1961 1510 2026; x_wconf 82' lang='grc' dir='ltr'>ὁρᾶτε</span> <span class='ocrx_word' id='word_1_190' title='bbox 1549 1960 1603 2022; x_wconf 75' lang='grc' dir='ltr'>δ’,</span> <span class='ocrx_word' id='word_1_191' title='bbox 1629 1962 1711 2028; x_wconf 85' lang='grc' dir='ltr'>ἀφ’</span> 
     </span>
     <span class='ocr_line' id='line_1_24' title="bbox 191 2042 1710 2111; baseline -0.002 -14"><span class='ocrx_word' id='word_1_192' title='bbox 191 2046 255 2098; x_wconf 77' lang='grc' dir='ltr'>ὧν</span> <span class='ocrx_word' id='word_1_193' title='bbox 291 2045 425 2099; x_wconf 73' lang='grc' dir='ltr'>οὗτος</span> <span class='ocrx_word' id='word_1_194' title='bbox 463 2046 701 2107; x_wconf 81' lang='grc' dir='ltr'>εὐδοκιμεῖ,</span> <span class='ocrx_word' id='word_1_195' title='bbox 737 2042 935 2107; x_wconf 77' lang='grc' dir='ltr'>ἰπηλίκα</span> <span class='ocrx_word' id='word_1_196' title='bbox 972 2048 1030 2110; x_wconf 83' lang='grc' dir='ltr'>τῇ</span> <span class='ocrx_word' id='word_1_197' title='bbox 1064 2043 1202 2094; x_wconf 87' lang='grc' dir='ltr'>πόλει</span> <span class='ocrx_word' id='word_1_198' title='bbox 1236 2044 1513 2110; x_wconf 83' lang='grc' dir='ltr'>περιέστηκε</span> <span class='ocrx_word' id='word_1_199' title='bbox 1549 2043 1710 2111; x_wconf 82' lang='grc' dir='ltr'>πράγ-</span> 
     </span>
    </p>
   </div>
   <div class='ocr_carea' id='block_1_6' title="bbox 188 2128 1710 2197">
    <p class='ocr_par' dir='ltr' id='par_1_7' title="bbox 188 2128 1710 2197">
     <span class='ocr_line' id='line_1_25' title="bbox 188 2128 1710 2197; baseline -0.001 -14"><span class='ocrx_word' id='word_1_200' title='bbox 188 2155 330 2197; x_wconf 88' lang='grc' dir='ltr'>ματα.</span> <span class='ocrx_word' id='word_1_201' title='bbox 375 2134 422 2182; x_wconf 82' lang='grc' dir='ltr'>αἱ</span> <span class='ocrx_word' id='word_1_202' title='bbox 458 2128 545 2194; x_wconf 78' lang='grc' dir='ltr'>μὲν</span> <span class='ocrx_word' id='word_1_203' title='bbox 582 2131 738 2180; x_wconf 90' lang='grc' dir='ltr'>τοίνυν</span> <span class='ocrx_word' id='word_1_204' title='bbox 780 2129 928 2180; x_wconf 82' lang='grc' dir='ltr'>ἄλλαι</span> <span class='ocrx_word' id='word_1_205' title='bbox 970 2128 1185 2193; x_wconf 85' lang='grc' dir='ltr'>δυνάμεις</span> <span class='ocrx_word' id='word_1_206' title='bbox 1217 2130 1424 2183; x_wconf 81' lang='grc' dir='ltr'>ἐπιεικῶς</span> <span class='ocrx_word' id='word_1_207' title='bbox 1466 2131 1587 2180; x_wconf 78' lang='grc' dir='ltr'>εἰσὶν</span> <span class='ocrx_word' id='word_1_208' title='bbox 1624 2130 1710 2181; x_wconf 80' lang='grc' dir='ltr'>αὖ·</span> 
     </span>
    </p>
   </div>
   <div class='ocr_carea' id='block_1_7' title="bbox 187 2325 1714 2916">
    <p class='ocr_par' dir='ltr' id='par_1_8' title="bbox 187 2325 1714 2764">
     <span class='ocr_line' id='line_1_26' title="bbox 245 2325 1710 2375; baseline -0.001 -13"><span class='ocrx_word' id='word_1_209' title='bbox 245 2327 256 2354; x_wconf 83' lang='grc' dir='ltr'>Ῑ</span> <span class='ocrx_word' id='word_1_210' title='bbox 276 2327 473 2375; x_wconf 79' lang='grc' dir='ltr'>ἠγωνίζετο]</span> <span class='ocrx_word' id='word_1_211' title='bbox 499 2328 695 2374; x_wconf 81' lang='grc' dir='ltr'>ἐγνωρίζετο</span> <span class='ocrx_word' id='word_1_212' title='bbox 716 2340 742 2361; x_wconf 87' lang='lat' dir='ltr'>r.</span> <span class='ocrx_word' id='word_1_213' title='bbox 854 2332 884 2351; x_wconf 91' lang='lat' dir='ltr'><strong>m</strong></span> <span class='ocrx_word' id='word_1_214' title='bbox 901 2325 1114 2372; x_wconf 82' lang='grc' dir='ltr'>κατελεύετε]</span> <span class='ocrx_word' id='word_1_215' title='bbox 1140 2325 1362 2360; x_wconf 80' lang='grc' dir='ltr'>κατελεύσετε</span> <span class='ocrx_word' id='word_1_216' title='bbox 1379 2327 1425 2366; x_wconf 88' lang='lat' dir='ltr'>Q.</span> <span class='ocrx_word' id='word_1_217' title='bbox 1537 2332 1557 2351; x_wconf 73' lang='grc' dir='ltr'>Π</span> <span class='ocrx_word' id='word_1_218' title='bbox 1578 2326 1710 2373; x_wconf 78' lang='grc' dir='ltr'>ἐπειδὴ]</span> 
     </span>
     <span class='ocr_line' id='line_1_27' title="bbox 191 2380 1714 2427; baseline -0.003 -10"><span class='ocrx_word' id='word_1_219' title='bbox 191 2383 263 2417; x_wconf 77' lang='grc' dir='ltr'>ἐπεὶ</span> <span class='ocrx_word' id='word_1_220' title='bbox 282 2383 394 2417; x_wconf 82' lang='lat' dir='ltr'><strong>A.k.s.</strong></span> <span class='ocrx_word' id='word_1_221' title='bbox 507 2387 525 2406; x_wconf 87' lang='lat'><strong>⁰</strong></span> <span class='ocrx_word' id='word_1_222' title='bbox 545 2380 739 2427; x_wconf 81' lang='grc' dir='ltr'>μεγίστοις]</span> <span class='ocrx_word' id='word_1_223' title='bbox 763 2382 834 2416; x_wconf 86' lang='grc' dir='ltr'>τοῖς</span> <span class='ocrx_word' id='word_1_224' title='bbox 849 2381 1026 2425; x_wconf 84' lang='grc' dir='ltr'>μεγίστοις</span> <span class='ocrx_word' id='word_1_225' title='bbox 1041 2393 1067 2414; x_wconf 88' lang='lat' dir='ltr'>r.</span> <span class='ocrx_word' id='word_1_226' title='bbox 1192 2385 1211 2413; x_wconf 87' lang='lat' dir='ltr'>P</span> <span class='ocrx_word' id='word_1_227' title='bbox 1233 2380 1325 2424; x_wconf 83' lang='grc' dir='ltr'>ὑμεῖς</span> <span class='ocrx_word' id='word_1_228' title='bbox 1344 2380 1547 2427; x_wconf 82' lang='grc' dir='ltr'>ἀβέλτερον]</span> <span class='ocrx_word' id='word_1_229' title='bbox 1567 2380 1714 2421; x_wconf 82' lang='grc' dir='ltr'>ἀβέλτε-</span> 
     </span>
     <span class='ocr_line' id='line_1_28' title="bbox 189 2434 1714 2482; baseline -0.001 -12"><span class='ocrx_word' id='word_1_230' title='bbox 189 2451 250 2482; x_wconf 94' lang='grc' dir='ltr'>ρον</span> <span class='ocrx_word' id='word_1_231' title='bbox 271 2437 363 2480; x_wconf 78' lang='grc' dir='ltr'>ὑμεῖς</span> <span class='ocrx_word' id='word_1_232' title='bbox 382 2448 409 2470; x_wconf 91' lang='lat' dir='ltr'>r.</span> <span class='ocrx_word' id='word_1_233' title='bbox 485 2441 504 2468; x_wconf 73' lang='lat'>(1</span> <span class='ocrx_word' id='word_1_234' title='bbox 525 2436 680 2480; x_wconf 82' lang='grc' dir='ltr'>εὔφωνον</span> <span class='ocrx_word' id='word_1_235' title='bbox 699 2434 906 2469; x_wconf 81' lang='lat' dir='ltr'>A.Y.O.k.s.</span> <span class='ocrx_word' id='word_1_236' title='bbox 937 2434 1112 2479; x_wconf 81' lang='grc' dir='ltr'>εὐφώνους</span> <span class='ocrx_word' id='word_1_237' title='bbox 1134 2434 1169 2467; x_wconf 86' lang='lat' dir='ltr'>S.</span> <span class='ocrx_word' id='word_1_238' title='bbox 1201 2434 1230 2467; x_wconf 88' lang='grc' dir='ltr'>εἷ</span> <span class='ocrx_word' id='word_1_239' title='bbox 1250 2435 1404 2478; x_wconf 80' lang='grc' dir='ltr'>εὔφωνος</span> <span class='ocrx_word' id='word_1_240' title='bbox 1423 2435 1542 2480; x_wconf 86' lang='lat' dir='ltr'><strong>vulgo.</strong></span> <span class='ocrx_word' id='word_1_241' title='bbox 1618 2441 1633 2461; x_wconf 74' lang='grc' dir='ltr'><strong>Γ</strong></span> <span class='ocrx_word' id='word_1_242' title='bbox 1651 2434 1714 2478; x_wconf 78' lang='grc' dir='ltr'>μὲν</span> 
     </span>
     <span class='ocr_line' id='line_1_29' title="bbox 190 2492 1713 2548; baseline -0.002 -8"><span class='ocrx_word' id='word_1_243' title='bbox 190 2518 259 2540; x_wconf 88' lang='lat' dir='ltr'>om.</span> <span class='ocrx_word' id='word_1_244' title='bbox 283 2504 445 2539; x_wconf 82' lang='lat' dir='ltr'><strong>S.Y.O.r.</strong></span> <span class='ocrx_word' id='word_1_245' title='bbox 559 2509 573 2528; x_wconf 79' lang='lat'>5</span> <span class='ocrx_word' id='word_1_246' title='bbox 594 2501 784 2547; x_wconf 60' lang='grc' dir='ltr'>Φιλιππου]</span> <span class='ocrx_word' id='word_1_247' title='bbox 810 2492 985 2548; x_wconf 60' lang='grc' dir='ltr'>φιλίππθῖ]</span> <span class='ocrx_word' id='word_1_248' title='bbox 1005 2508 1030 2537; x_wconf 85' lang='lat' dir='ltr'>t.</span> <span class='ocrx_word' id='word_1_249' title='bbox 1142 2504 1156 2528; x_wconf 69' lang='lat' dir='ltr'>t</span> <span class='ocrx_word' id='word_1_250' title='bbox 1174 2503 1235 2545; x_wconf 83' lang='grc' dir='ltr'>μὲν</span> <span class='ocrx_word' id='word_1_251' title='bbox 1255 2515 1324 2537; x_wconf 86' lang='lat' dir='ltr'>om.</span> <span class='ocrx_word' id='word_1_252' title='bbox 1347 2502 1391 2537; x_wconf 89' lang='grc' dir='ltr'>Ο.</span> <span class='ocrx_word' id='word_1_253' title='bbox 1494 2508 1514 2527; x_wconf 79' lang='lat'>¹¹</span> <span class='ocrx_word' id='word_1_254' title='bbox 1535 2501 1713 2547; x_wconf 79' lang='grc' dir='ltr'>ἐθαύμασα</span> 
     </span>
     <span class='ocr_line' id='line_1_30' title="bbox 190 2556 1712 2603; baseline -0.002 -10"><span class='ocrx_word' id='word_1_255' title='bbox 190 2572 259 2593; x_wconf 85' lang='lat' dir='ltr'>om.</span> <span class='ocrx_word' id='word_1_256' title='bbox 281 2560 395 2593; x_wconf 78' lang='lat' dir='ltr'>A.k.s.</span> <span class='ocrx_word' id='word_1_257' title='bbox 418 2564 452 2592; x_wconf 84' lang='lat' dir='ltr'>et</span> <span class='ocrx_word' id='word_1_258' title='bbox 471 2572 526 2603; x_wconf 77' lang='grc' dir='ltr'>γρ.</span> <span class='ocrx_word' id='word_1_259' title='bbox 547 2570 581 2591; x_wconf 86' lang='lat' dir='ltr'>u.</span> <span class='ocrx_word' id='word_1_260' title='bbox 603 2562 638 2590; x_wconf 81' lang='lat' dir='ltr'>et</span> <span class='ocrx_word' id='word_1_261' title='bbox 658 2557 693 2590; x_wconf 89' lang='lat' dir='ltr'>in</span> <span class='ocrx_word' id='word_1_262' title='bbox 713 2557 819 2590; x_wconf 83' lang='lat' dir='ltr'>litura</span> <span class='ocrx_word' id='word_1_263' title='bbox 837 2569 870 2590; x_wconf 83' lang='lat' dir='ltr'>v.</span> <span class='ocrx_word' id='word_1_264' title='bbox 893 2557 1071 2600; x_wconf 81' lang='grc' dir='ltr'>θαυμάσας</span> <span class='ocrx_word' id='word_1_265' title='bbox 1091 2556 1275 2595; x_wconf 80' lang='lat' dir='ltr'>F.Q.r.t.u.</span> <span class='ocrx_word' id='word_1_266' title='bbox 1362 2562 1381 2581; x_wconf 72' lang='grc' dir='ltr'><strong>Χ</strong></span> <span class='ocrx_word' id='word_1_267' title='bbox 1402 2556 1516 2602; x_wconf 77' lang='grc' dir='ltr'>οὐδὲν]</span> <span class='ocrx_word' id='word_1_268' title='bbox 1542 2557 1594 2590; x_wconf 88' lang='grc' dir='ltr'>καὶ</span> <span class='ocrx_word' id='word_1_269' title='bbox 1613 2556 1712 2590; x_wconf 78' lang='grc' dir='ltr'>οὐδὲν</span> 
     </span>
     <span class='ocr_line' id='line_1_31' title="bbox 189 2609 1708 2656; baseline -0.001 -9"><span class='ocrx_word' id='word_1_270' title='bbox 189 2614 303 2647; x_wconf 80' lang='lat' dir='ltr'>A.k.s.</span> <span class='ocrx_word' id='word_1_271' title='bbox 334 2613 432 2645; x_wconf 76' lang='grc' dir='ltr'>οὐδὲν</span> <span class='ocrx_word' id='word_1_272' title='bbox 453 2612 488 2645; x_wconf 80' lang='grc' dir='ltr'>δὲ</span> <span class='ocrx_word' id='word_1_273' title='bbox 509 2611 645 2649; x_wconf 86' lang='lat' dir='ltr'>F.Q.r.t</span> <span class='ocrx_word' id='word_1_274' title='bbox 662 2623 733 2644; x_wconf 69' lang='lat' dir='ltr'>[LV.</span> <span class='ocrx_word' id='word_1_275' title='bbox 830 2616 848 2643; x_wconf 68' lang='lat' dir='ltr'><strong><em>Y</em></strong></span> <span class='ocrx_word' id='word_1_276' title='bbox 867 2611 919 2644; x_wconf 83' lang='grc' dir='ltr'>καὶ</span> <span class='ocrx_word' id='word_1_277' title='bbox 940 2622 1009 2644; x_wconf 90' lang='lat' dir='ltr'>om.</span> <span class='ocrx_word' id='word_1_278' title='bbox 1030 2622 1082 2656; x_wconf 82' lang='lat' dir='ltr'>pr.</span> <span class='ocrx_word' id='word_1_279' title='bbox 1106 2610 1140 2644; x_wconf 83' lang='lat' dir='ltr'>S.</span> <span class='ocrx_word' id='word_1_280' title='bbox 1234 2615 1251 2634; x_wconf 82' lang='grc' dir='ltr'><strong><em>Ζ</em></strong></span> <span class='ocrx_word' id='word_1_281' title='bbox 1273 2609 1464 2656; x_wconf 77' lang='grc' dir='ltr'>ὑπερεώρα]</span> <span class='ocrx_word' id='word_1_282' title='bbox 1491 2610 1650 2656; x_wconf 82' lang='grc' dir='ltr'>ὑπεροραι</span> <span class='ocrx_word' id='word_1_283' title='bbox 1672 2610 1708 2645; x_wconf 86' lang='lat' dir='ltr'>S.</span> 
     </span>
     <span class='ocr_line' id='line_1_32' title="bbox 189 2660 1711 2711; baseline -0.002 -11"><span class='ocrx_word' id='word_1_284' title='bbox 189 2667 358 2711; x_wconf 79' lang='grc' dir='ltr'>ὑπερὼραι</span> <span class='ocrx_word' id='word_1_285' title='bbox 379 2665 468 2699; x_wconf 82' lang='lat' dir='ltr'>Y.O.</span> <span class='ocrx_word' id='word_1_286' title='bbox 504 2664 694 2710; x_wconf 82' lang='lat' dir='ltr'>Vulgatum</span> <span class='ocrx_word' id='word_1_287' title='bbox 714 2676 733 2697; x_wconf 86' lang='lat' dir='ltr'>a</span> <span class='ocrx_word' id='word_1_288' title='bbox 754 2676 800 2699; x_wconf 85' lang='lat' dir='ltr'>m.</span> <span class='ocrx_word' id='word_1_289' title='bbox 825 2676 892 2697; x_wconf 79' lang='lat' dir='ltr'>sec.</span> <span class='ocrx_word' id='word_1_290' title='bbox 916 2664 952 2698; x_wconf 88' lang='lat' dir='ltr'>S.</span> <span class='ocrx_word' id='word_1_291' title='bbox 1066 2669 1084 2688; x_wconf 74' lang='lat' dir='ltr'>a</span> <span class='ocrx_word' id='word_1_292' title='bbox 1103 2662 1213 2709; x_wconf 77' lang='grc' dir='ltr'>ἴδητε]</span> <span class='ocrx_word' id='word_1_293' title='bbox 1237 2663 1346 2707; x_wconf 82' lang='grc' dir='ltr'>εἰδῆτε</span> <span class='ocrx_word' id='word_1_294' title='bbox 1365 2665 1477 2698; x_wconf 83' lang='lat' dir='ltr'><strong>A.k.s.</strong></span> <span class='ocrx_word' id='word_1_295' title='bbox 1603 2660 1623 2688; x_wconf 80' lang='lat' dir='ltr'>b</span> <span class='ocrx_word' id='word_1_296' title='bbox 1643 2666 1711 2697; x_wconf 78' lang='grc' dir='ltr'>τῶν</span> 
     </span>
     <span class='ocr_line' id='line_1_33' title="bbox 187 2716 1709 2764; baseline -0.002 -10"><span class='ocrx_word' id='word_1_297' title='bbox 187 2721 306 2754; x_wconf 69' lang='grc' dir='ltr'>ἄλλων</span> <span class='ocrx_word' id='word_1_298' title='bbox 326 2732 394 2753; x_wconf 89' lang='lat' dir='ltr'>om.</span> <span class='ocrx_word' id='word_1_299' title='bbox 416 2732 443 2753; x_wconf 90' lang='lat' dir='ltr'>r.</span> <span class='ocrx_word' id='word_1_300' title='bbox 474 2724 554 2764; x_wconf 78' lang='lat' dir='ltr'>post</span> <span class='ocrx_word' id='word_1_301' title='bbox 580 2717 744 2751; x_wconf 80' lang='grc' dir='ltr'>τοιούτων</span> <span class='ocrx_word' id='word_1_302' title='bbox 771 2717 872 2764; x_wconf 86' lang='lat' dir='ltr'>ponit</span> <span class='ocrx_word' id='word_1_303' title='bbox 892 2718 927 2751; x_wconf 89' lang='lat' dir='ltr'>k.</span> <span class='ocrx_word' id='word_1_304' title='bbox 1084 2722 1100 2741; x_wconf 79' lang='lat'><strong>⁰</strong></span> <span class='ocrx_word' id='word_1_305' title='bbox 1128 2717 1272 2764; x_wconf 81' lang='grc' dir='ltr'>πάντας]</span> <span class='ocrx_word' id='word_1_306' title='bbox 1306 2716 1455 2753; x_wconf 82' lang='grc' dir='ltr'>ἅπαντας</span> <span class='ocrx_word' id='word_1_307' title='bbox 1483 2716 1709 2752; x_wconf 83' lang='lat' dir='ltr'><strong>F.O.r.t.u.v.</strong></span> 
     </span>
    </p>

    <p class='ocr_par' dir='ltr' id='par_1_9' title="bbox 187 2783 1707 2916">
     <span class='ocr_line' id='line_1_34' title="bbox 350 2783 370 2806; baseline 0 0"><span class='ocrx_word' id='word_1_308' title='bbox 350 2783 370 2806; x_wconf 75' lang='grc'>77</span> 
     </span>
     <span class='ocr_line' id='line_1_35' title="bbox 188 2810 1704 2862; baseline -0.003 -11"><span class='ocrx_word' id='word_1_309' title='bbox 188 2814 206 2842; x_wconf 75' lang='lat' dir='ltr'>d</span> <span class='ocrx_word' id='word_1_310' title='bbox 228 2816 322 2862; x_wconf 77' lang='grc' dir='ltr'>ὑμῖν]</span> <span class='ocrx_word' id='word_1_311' title='bbox 348 2816 424 2859; x_wconf 80' lang='grc' dir='ltr'>ὑμῖν</span> <span class='ocrx_word' id='word_1_312' title='bbox 445 2815 483 2849; x_wconf 89' lang='lat' dir='ltr'>F.</span> <span class='ocrx_word' id='word_1_313' title='bbox 514 2814 591 2859; x_wconf 86' lang='grc' dir='ltr'>ἡμῖν</span> <span class='ocrx_word' id='word_1_314' title='bbox 611 2815 729 2853; x_wconf 85' lang='lat' dir='ltr'>Q.k.r.</span> <span class='ocrx_word' id='word_1_315' title='bbox 852 2819 867 2838; x_wconf 73' lang='lat' dir='ltr'>e</span> <span class='ocrx_word' id='word_1_316' title='bbox 885 2815 974 2848; x_wconf 83' lang='grc' dir='ltr'>πᾶσι</span> <span class='ocrx_word' id='word_1_317' title='bbox 995 2813 1129 2849; x_wconf 82' lang='lat' dir='ltr'><strong>S.Y.O.</strong></span> <span class='ocrx_word' id='word_1_318' title='bbox 1159 2813 1268 2848; x_wconf 83' lang='grc' dir='ltr'>ἅπασι</span> <span class='ocrx_word' id='word_1_319' title='bbox 1288 2814 1405 2860; x_wconf 82' lang='lat' dir='ltr'>vulgo.</span> <span class='ocrx_word' id='word_1_320' title='bbox 1527 2810 1542 2838; x_wconf 86' lang='lat' dir='ltr'>f</span> <span class='ocrx_word' id='word_1_321' title='bbox 1558 2812 1704 2859; x_wconf 79' lang='grc' dir='ltr'>ἀγαθὸν]</span> 
     </span>
     <span class='ocr_line' id='line_1_36' title="bbox 187 2865 1707 2916; baseline -0.001 -13"><span class='ocrx_word' id='word_1_322' title='bbox 187 2871 226 2903; x_wconf 86' lang='grc' dir='ltr'>τὸ</span> <span class='ocrx_word' id='word_1_323' title='bbox 246 2870 373 2916; x_wconf 85' lang='grc' dir='ltr'>ἀγαθὸν</span> <span class='ocrx_word' id='word_1_324' title='bbox 393 2882 421 2903; x_wconf 82' lang='grc' dir='ltr'>ι’.</span> <span class='ocrx_word' id='word_1_325' title='bbox 535 2876 556 2904; x_wconf 71' lang='lat' dir='ltr'>g</span> <span class='ocrx_word' id='word_1_326' title='bbox 575 2867 724 2913; x_wconf 76' lang='grc' dir='ltr'>ἀκούειν]</span> <span class='ocrx_word' id='word_1_327' title='bbox 747 2865 879 2901; x_wconf 75' lang='grc' dir='ltr'>ἀκούειν</span> <span class='ocrx_word' id='word_1_328' title='bbox 900 2868 950 2902; x_wconf 84' lang='grc' dir='ltr'>δεῖ</span> <span class='ocrx_word' id='word_1_329' title='bbox 969 2868 1111 2902; x_wconf 77' lang='lat' dir='ltr'>A.k.r.s.</span> <span class='ocrx_word' id='word_1_330' title='bbox 1235 2865 1255 2893; x_wconf 79' lang='lat' dir='ltr'>h</span> <span class='ocrx_word' id='word_1_331' title='bbox 1276 2866 1455 2914; x_wconf 78' lang='grc' dir='ltr'>εὑρομένη]</span> <span class='ocrx_word' id='word_1_332' title='bbox 1481 2867 1644 2913; x_wconf 83' lang='grc' dir='ltr'>εὑραμένη</span> <span class='ocrx_word' id='word_1_333' title='bbox 1664 2868 1707 2902; x_wconf 85' lang='grc' dir='ltr'>Α.</span> 
     </span>
    </p>
   </div>
   <div class='ocr_carea' id='block_1_8' title="bbox 187 2920 801 2968">
    <p class='ocr_par' dir='ltr' id='par_1_10' title="bbox 187 2920 801 2968">
     <span class='ocr_line' id='line_1_37' title="bbox 187 2920 801 2968; baseline -0.003 -11"><span class='ocrx_word' id='word_1_334' title='bbox 187 2925 289 2959; x_wconf 82' lang='lat' dir='ltr'>k.r.S.</span> <span class='ocrx_word' id='word_1_335' title='bbox 403 2920 410 2946; x_wconf 70' lang='lat' dir='ltr'>i</span> <span class='ocrx_word' id='word_1_336' title='bbox 433 2920 577 2968; x_wconf 85' lang='grc' dir='ltr'>πηλίκα]</span> <span class='ocrx_word' id='word_1_337' title='bbox 603 2922 702 2966; x_wconf 86' lang='grc' dir='ltr'>ἡλίκα</span> <span class='ocrx_word' id='word_1_338' title='bbox 721 2922 801 2956; x_wconf 80' lang='lat' dir='ltr'><strong>A.k.</strong></span> 
     </span>
    </p>
   </div>
  </div>
 </body>
</html>
