1882 3250
233 170 316 212 106
777 171 1205 209 ΔΗΜΟΣΘΕΝΟΎΣ
1384 167 1468 205 Oa.
1492 163 1623 204 v111.
1644 176 1687 217 p.
1709 174 1779 216 99,
1795 175 1810 204 ι

238 293 264 314 “
287 284 485 343 βεύεσθε
524 285 596 332 καὶ
624 287 919 347 κατηγορεῖτε
955 284 1029 331 καὶ
1055 279 1298 346 πράγμαθ’
1326 279 1435 340 ἡμῖν
1460 277 1685 343 παρέχετε
1704 280 1748 336 ;”

238 368 294 417 ἂν
333 372 479 416 ταῦτα
513 367 708 429 λε’γωσι,
746 366 795 415 τί
826 366 1017 429 ἐροῦμεν
1051 362 1079 426 ὴ
1121 364 1169 413 τί
1205 361 1437 430 φήσομεν,
1476 358 1545 409 Ζῶ
1589 359 1751 423 ἄνδρες

239 454 509 513 Ἀθηναῖοις
549 447 641 513 ἐγὼ
668 447 752 510 μὲν
778 447 895 511 ιἸγοὶρ
922 448 1007 512 οὐχ
1035 447 1141 511 ὁρῶ.

170 548 222 602 38
314 534 424 582 Εἰσὶ
451 533 604 581 τοίνυν
630 530 747 583 τινὲς
773 530 815 580 οῗ
846 529 941 580 τότ’
969 529 1235 597 ἐξελέγχειν
1261 528 1343 578 τὸν
1369 526 1598 592 παριόντα
1623 525 1745 575 οἴον-
1769 548 1805 569 ¹0

237 638 328 672 ται,
356 613 540 665 ἐπειδὰν
569 611 872 678 ι’ἐρωτήσωσι
909 613 957 661 τί
988 612 1070 661 οὖν
1107 609 1197 677 χρὴ
1234 615 1410 668 ποιεῖν;
1452 607 1515 662 οἷς
1544 606 1636 673 ἐγὼ
1669 606 1752 670 μὲν

239 698 292 748 τὸ
344 695 634 746 δικαιότατον
697 697 794 744 οκαῖ
847 695 1175 758 ἀληθέστατον
1226 697 1351 743 τοῦτ’
1404 694 1756 757 ἀποκρινοῦμαι,

240 787 387 830 ταῦτα
427 779 490 843 μὴ
525 784 672 830 ποιεῖν
715 776 745 828 ἃ
787 780 884 828 νυνὶ
923 782 1107 837 ποιεῖτε,
1147 777 1199 826 οὐ
1233 775 1326 839 μὴν
1364 774 1495 824 ἀλλὰ
1533 776 1609 824 καὶ
1651 777 1754 824 καθ’

241 865 443 913 ἕκαστον
469 864 674 927 ἀκριβῶς
711 862 813 926 ἐρῶ.
854 864 930 910 καὶ
957 860 1096 921 ὅπως,
1122 859 1286 925 ὥσπερ
1324 861 1534 924 ἐρωτῶσι
1571 857 1751 923 προθύ-

173 972 226 1012 39
240 969 351 1008 μως,
376 946 495 995 οὕτω
531 946 606 994 καὶ
630 949 778 994 ποιεῖν
804 942 1156 1006 ᾱέθελήσουσιν.
1196 946 1383 1008 πρῶτον
1409 940 1505 1004 μὲν,
1533 939 1570 990 τῖ’)
1595 941 1758 1007 ἄνδρες
1774 963 1808 995 ¹5

243 1033 498 1090 Ἀθηναῖοι,
525 1033 662 1077 τοῦτο
689 1031 801 1092 παρ’
831 1027 937 1088 ὑμῖν
963 1027 1117 1079 αὐτοῖς
1143 1026 1347 1086 βεβαίως
1373 1028 1563 1089 γνῶναι,
1591 1023 1661 1074 ὅτι
1700 1027 1758 1090 τῇ

241 1109 378 1162 πόλει
425 1112 666 1163 Φίλιππος
716 1115 917 1172 πολεμεῖ
963 1111 1037 1159 καὶ
1079 1108 1164 1173 τὴν
1210 1109 1393 1174 εἰρήνην
1443 1108 1613 1158 λε’λυκε
1667 1109 1760 1167 (καὶ

243 1194 498 1244 παύσασθε
532 1195 637 1259 περὶ
669 1192 862 1243 ε’τούτου
898 1197 1265 1256 κατηγοροῦντες
1292 1188 1542 1256 ἀλλήλων)
1570 1191 1645 1239 καὶ
1672 1211 1756 1238 κα-

246 1278 407 1331 κόνους
433 1278 518 1340 μέν
545 1279 647 1327 ἐστι
675 1279 749 1326 καὶ
776 1274 942 1342 ἐχθρὸς
969 1275 1059 1343 ὅλῃ
1091 1279 1150 1342 τῇ
1183 1274 1321 1325 πόλει
1359 1275 1435 1323 καὶ
1461 1277 1527 1341 τῷ
1553 1276 1635 1336 τῆς
1666 1271 1757 1323 πό-

177 1389 233 1427 40
247 1370 366 1413 λεως
403 1359 597 1427 Ϋέδοῖφει,
638 1357 906 1424 προσθήσω
939 1357 987 1408 δὲ
1024 1360 1097 1408 καὶ
1135 1363 1229 1410 τοῖς
1264 1360 1311 1407 ἐν
1349 1360 1406 1424 τῇ
1440 1356 1579 1406 πόλει
1611 1360 1761 1406 πᾶσιν
1775 1378 1815 1400 20

247 1443 524 1510 ἀνθρώποις,
567 1445 642 1492 καὶ
687 1447 781 1495 τοῖς
823 1441 1020 1504 μάλιστ’
1059 1442 1281 1504 οἰομένοις
1324 1441 1449 1507 αὐτῷ
1489 1439 1763 1506 χαρίζεσθαι

252 1528 309 1591 (εἰ
332 1526 378 1577 δὲ
397 1525 476 1589 μὴ,
499 1526 895 1593 ἓνσκεψοῖσθωσαν
918 1523 1256 1590 ΙιΕὐθυκροὶτην
1281 1525 1356 1574 καὶ
1378 1522 1633 1586 Λασθένην
1658 1521 1766 1576 τοὺς

249 1610 545 1671 Ὀλυνθίους,
573 1608 614 1659 οἳ
642 1612 883 1660 δοκοῦντες
919 1607 1156 1658 οἰκειότατ’
1185 1608 1310 1675 αὐτῷ
1337 1609 1611 1668 διακεῖσθαι,
1637 1607 1758 1656 ἐπει-

249 1692 305 1756 δὴ
345 1691 430 1756 τὴν
464 1691 608 1743 πόλιν
641 1693 930 1757 προῦδοσαν,
963 1690 1156 1741 πάντων
1191 1689 1375 1740 κάκιστ’
1411 1689 1763 1759 ἀπολώλασιν),
1778 1715 1816 1745 ²5

249 1777 397 1826 οὐδενὶ
424 1776 581 1838 μέντοι
607 1779 799 1838 μᾶλλον
825 1773 853 1838 ὴ
880 1778 937 1841 τῇ
972 1775 1186 1842 πολιτείᾳ
1223 1778 1425 1836 πολεμεῖ
1454 1774 1550 1823 οὐδ’
1576 1774 1765 1833 ἐπιβου-

251 1861 388 1922 λεύει,
428 1861 503 1909 καὶ
543 1863 718 1909 σκοπεῖ
755 1863 946 1920 μᾶλλον
984 1857 1087 1908 οὐδὲ
1127 1856 1175 1907 ἓν
1219 1861 1312 1907 τῶν
1345 1855 1536 1906 πάντων
1574 1855 1603 1920 ὴ
1642 1859 1769 1909 ῑπῶς

451 1942 468 1969 12
1548 1939 1561 1955 Χ
1596 1938 1602 1972 Ι

183 1973 233 2011 41
251 1943 425 2008 ταύτην
461 1941 754 1992 καταλύσει.
797 1943 872 1992 καὶ
897 1945 1023 1992 τοῦτ’
1051 1939 1237 1993 εἰκότως
1262 1938 1437 2005 τρόπον
1463 1962 1567 1990 τινα
1612 1937 1764 2005 πράτ-

251 2045 330 2078 τει·
371 2025 463 2077 οἶδε
505 2026 599 2092 γὰρ
639 2028 846 2091 ἀκριβῶς
888 2024 958 2075 ὅτι
995 2025 1092 2074 οὐδ’
1134 2022 1191 2073 ἂν
1235 2021 1428 2074 πάντων
1467 2027 1562 2072 τῶν
1602 2021 1771 2073 ἄλλων

1871 2120 1876 2146 t

251 2111 440 2176 γένηται
480 2109 647 2175 κύριος,
675 2108 809 2159 οὐδὲν
834 2109 1008 2158 ωὲσται
1035 2108 1160 2175 αὐτῷ
1194 2108 1399 2168 βεβαίως
1432 2106 1568 2173 ἔχειν,
1596 2106 1681 2160 ἕως
1713 2105 1771 2157 ἂν
1791 2127 1863 2156 100

254 2196 379 2256 ὑμεις
418 2195 823 2257 “δημοκρατῆσθε,
851 2193 964 2240 ἀλλ’
992 2189 1072 2240 ἐάν
1098 2213 1212 2241 ποτε
1238 2194 1404 2257 συμβῇ
1436 2196 1507 2240 0τι
1540 2194 1772 2252 πταῖσμα,

253 2275 304 2311 ΡΑ
482 2274 493 2291 x
601 2275 614 2292 t
712 2279 722 2297 ῃ
761 2273 778 2292 ,x
850 2276 860 2290 ³
977 2274 989 2289 t
1122 2273 1143 2290 es
1301 2273 1311 2290 t
1467 2271 1480 2289 x
1546 2278 1565 2287 Α
1621 2280 1636 2299 Γ

281 2300 309 2326 α
335 2282 501 2326 πολλα
527 2283 707 2340 (Ῑγενοιτ
751 2298 808 2324 αν
835 2278 1083 2342 ανθρωπῳ,
1111 2274 1211 2341 ηξει
1245 2296 1402 2324 παντα
1427 2296 1486 2323 τα
1512 2296 1594 2323 νυν
1641 2296 1767 2338 συμ-

256 2413 365 2446 Recte
395 2423 477 2445 vero
509 2411 614 2445 habet
645 2409 879 2455 πρεσβεύουσι
910 2423 974 2456 pro
1000 2409 1250 2455 πρεσβεύονται
1277 2422 1319 2444 ex
1356 2410 1390 2444 S.
1418 2411 1461 2444 ab
1490 2422 1546 2444 me
1571 2410 1775 2444 restitutum

255 2478 291 2511 p.
318 2476 405 2504 202,
427 2471 463 2510 5.
575 2471 592 2488 Ζ
613 2459 772 2508 ὦῖίνδρες
791 2476 860 2498 om.
884 2466 918 2497 S.
1031 2469 1049 2489 a
1068 2464 1133 2509 γὰρ
1153 2475 1223 2497 om.
1247 2475 1319 2498 ΗΝ.
1413 2460 1432 2488 b
1453 2462 1669 2508 ἐρωτήσωσι]
1694 2463 1776 2508 ε’ρω-

256 2518 357 2562 τὴσηι
379 2518 414 2551 S.
526 2521 542 2541 ⁰
562 2519 613 2551 καὶ
633 2516 868 2559 ἀληθέστατον
888 2528 957 2551 om.
979 2529 1032 2562 pr.
1055 2516 1100 2550 O.
1211 2513 1229 2540 d
1250 2515 1480 2560 ἐθελήσουσιν
1497 2516 1625 2550 A.S.Y.
1657 2515 1774 2559 ἐθελή-

259 2619 370 2638 σωσιν
389 2604 507 2649 vulgo.
618 2609 634 2627 e
655 2601 795 2648 τούτου]
820 2583 951 2636 τοὺτὲυν
972 2603 1011 2637 F.
1042 2601 1172 2637 τούτων
1193 2603 1313 2637 O.u.v.
1401 2599 1414 2626 f
1432 2602 1569 2648 ἐδάφει]
1595 2603 1714 2646 ἐδάφει
1735 2602 1772 2637 Β.

258 2663 278 2690 g
299 2656 578 2702 σκεψάσθωσαν]
604 2655 775 2700 σκέψεσθ’
796 2655 840 2690 ὡς
858 2654 897 2689 ἂν
915 2656 949 2689 S.
1108 2653 1128 2680 h
1157 2656 1362 2701 εὐθυκράτην
1381 2656 1433 2689 καὶ
1452 2656 1625 2699 λασθένην
1644 2655 1724 2689 Α.Ο
1740 2667 1774 2689 u.

258 2715 451 2788 εὐθυκρατεηι
472 2744 524 2776 καὶ
544 2714 704 2777 λασθένέι
725 2742 767 2775 Β.
800 2742 996 2787 Εὐθυκράτη
1017 2744 1071 2777 καὶ
1090 2743 1240 2786 λασθένη
1261 2743 1377 2777 ceteri.
1478 2741 1482 2762 ⁴
1503 2746 1574 2777 πῶς
1595 2743 1631 2777 S.
1663 2742 1776 2787 Lege-

258 2797 360 2830 batur
380 2796 483 2831 ὅπως.
588 2793 608 2819 k
628 2794 814 2829 καταλύσει
836 2796 870 2829 S.
891 2801 926 2829 et
946 2801 1123 2830 correctus
1143 2796 1186 2830 Y.
1217 2795 1394 2838 καταλύσῃ
1415 2796 1535 2841 vulgo.
1637 2792 1648 2821 l
1667 2795 1774 2839 πράτ-

259 2849 326 2894 τει]
352 2852 409 2882 νῦν
428 2864 467 2894 γε
487 2849 527 2892 δὴ
547 2849 687 2892 πράττει
709 2848 873 2883 F.O.u.V.
963 2855 988 2870 ’Π
1007 2849 1124 2895 ἔσται]
1149 2847 1222 2882 ἔστ’
1244 2849 1280 2883 S.
1303 2854 1338 2882 et
1358 2861 1393 2894 p.
1424 2856 1505 2895 ¹35,
1531 2859 1562 2883 1.
1677 2854 1695 2873 ¹¹
1717 2847 1775 2890 δη-

259 2943 491 2989 μοκρατῆσθε]
516 2942 782 2987 δημοκρατεῖσθε
804 2942 839 2976 S.
950 2948 968 2968 0
988 2941 1038 2990 τι]
1062 2958 1127 2978 τινι
1149 2944 1183 2978 S.
1277 2949 1297 2977 P
1312 2943 1349 2989 ἃ]
1373 2898 1392 2987 ἒ
1412 2955 1444 2978 v.
1474 2940 1527 2977 οἷα
1543 2947 1719 2978 correctus
1739 2954 1774 2977 u.
