1930 3266
67 200 161 239 241,
186 201 237 228 13.
589 188 715 226 ΠΕΡΙ
745 188 856 225 ΤΟΥ
887 188 1192 226 ΣΤΕΦΑΝΟΥ.
1564 189 1648 229 253

128 298 214 363 τὴν
246 297 429 364 εἰρήνην
463 297 706 361 ἃᾶσμενοι,
744 300 819 348 καὶ
858 298 986 348 αὐτοὶ
1024 297 1200 364 τρόπον
1235 297 1339 349 τινὰ
1376 299 1426 349 ἐκ
1460 306 1649 351 πολλοῦ

128 381 481 445 πολεμούμενοι.
540 381 616 432 ὅτε
662 380 756 447 γὰρ
800 380 990 448 περιιὼν
1028 380 1047 408 b
1066 383 1305 435 Φίλιππος
1349 389 1365 408 ⁰
1388 382 1649 448 Ἰλλυριοὺς

130 467 205 516 καὶ
237 463 591 531 ᾱΤριβαλλοὺς,
617 463 745 518 τινὰς
780 464 828 515 δὲ
862 467 937 515 καὶ
971 469 1066 515 τῶν
1099 464 1352 528 ίΕλλήνων
1389 467 1644 532 κατεστρέ-
1662 490 1702 512 20

131 553 260 617 φετο,
304 550 379 598 καὶ
424 546 638 608 δυνάμεις
687 548 878 601 πολλὰς
926 550 1001 598 καὶ
1051 547 1264 612 μεγάλας
1308 549 1526 599 εέποιεῖθ’
1567 549 1645 617 ὑφ’

1248 629 1333 699 Ῐτῇ
1359 635 1442 695 τῆς
1469 631 1649 698 εἰρήνης

130 715 326 783 ἐξουσίᾳ
360 713 624 779 βαδίζοντες
659 717 805 765 ἐκεῖσε
841 715 1173 783 διεφθείροντο,
1210 712 1276 764 ὧν
1309 714 1372 768 εἷς
1411 715 1543 769 οὗτος
1577 715 1649 780 ἦν,

129 633 292 700 ἑαυτῷ,
320 632 400 681 καί
429 654 548 684 τινες
585 635 680 681 τῶν
714 633 764 681 ἐκ
798 636 892 682 τῶν
923 631 1110 683 πόλεων
1145 633 1218 682 ἐπὶ

130 798 272 849 ἓτότε
309 797 492 860 πάντες,
529 799 600 865 ἐφ’
631 798 709 851 οὓς
747 803 893 848 ταῦτα
930 797 1289 864 παρεσκευάζετ’
1327 800 1507 861 ἐκεῖνος,
1542 801 1650 851 ε’πο-

63 887 374 946 57λεμοῦντο.
426 885 462 931 εἰ
503 880 550 931 δὲ
591 882 655 945 μὴ
691 880 971 949 ᾐσθάνοντο,
1008 882 1160 947 ἕτερος
1193 880 1375 946 11λόγος
1410 883 1556 945 οὗτος,
1595 884 1648 934 οὐ
1662 906 1701 938 25

128 963 246 1031 πρὸς
282 963 377 1028 ἐμέ.
439 963 531 1029 ἐγὼ
575 964 659 1027 μὲν
697 964 790 1030 γὰρ
827 967 1095 1031 προῦλεγον
1135 969 1210 1015 καὶ
1250 964 1649 1032 ἰδιεμαρτυρόμην

541 1045 562 1073 k
749 1050 762 1066 x

129 1050 204 1098 καὶ
245 1048 355 1113 παρ’
398 1048 503 1109 ὑμῖν
578 1050 646 1097 ἀεὶ
688 1070 764 1098 και
802 1047 933 1099 1ὅποι
977 1050 1257 1117 πεμφθείην·
1307 1053 1353 1100 αἱ
1397 1049 1446 1100 δὲ
1486 1049 1650 1104 πόλεις

127 1131 322 1182 ἐνόσουν
347 1135 441 1181 τῶν
467 1131 590 1195 111μὲν
616 1133 664 1181 ἐν
690 1135 755 1200 τῷ
780 1131 1113 1182 πολιτεύεσθαι
1140 1136 1215 1182 καὶ
1248 1131 1471 1199 πράττειν
1496 1136 1645 1199 δωρο-

128 1215 388 1267 δοκούντων
422 1218 497 1266 καὶ
534 1217 930 1284 διαφθειρομένων
963 1218 1037 1267 ἐπὶ
1071 1217 1299 1283 χρήμασι,
1325 1222 1419 1267 τῶν
1446 1217 1493 1268 δὲ
1521 1221 1644 1269 ἰδιω-
1665 1236 1742 1276 241

127 1304 221 1350 τῶν
255 1302 329 1350 καὶ
367 1304 568 1351 πολλῶν
602 1299 661 1349 τὰ
699 1299 783 1362 μὲν
818 1301 871 1350 οὑ
908 1301 1263 1366 προορωμένων,
1289 1299 1349 1350 τὰ
1379 1299 1427 1350 δὲ
1461 1304 1518 1368 τῇ
1545 1306 1648 1352 καθ’

1389 1391 1397 1409 1

128 1383 302 1449 ἡμέραν
334 1383 557 1452 ῥαστώνῃ
594 1386 669 1433 καὶ
705 1387 866 1450 σχολῇ
903 1382 1259 1448 δελεαζομένων,
1287 1386 1362 1434 καὶ
1397 1387 1655 1436 Ὶτοιουτονί

127 1489 172 1516 τι
216 1466 367 1520 πάθος
410 1465 716 1518 πεπονθότων
763 1466 998 1530 ἁπάντων,
1043 1467 1173 1531 πλὴν
1218 1468 1300 1518 οὐκ
1344 1469 1419 1536 ἐφ’
1462 1468 1651 1523 ἑαυτοὺς

130 1548 372 1601 Οὲκάστων
398 1550 620 1613 οἰομένων
645 1550 698 1601 τὸ
727 1549 874 1601 δεινὸν
900 1551 1042 1620 ἥξειν,
1069 1550 1226 1601 Ιὀἰλλέι
1254 1550 1329 1601 διὰ
1361 1555 1456 1602 τῶν
1481 1553 1678 1618 ἑτέρων5

130 1635 352 1685 κινδύνων
383 1634 443 1685 τὰ
474 1636 651 1685 ἑαυτῶν
682 1637 920 1703 ἀσφαλῶς
946 1634 1194 1701 (ἶσχήσειν,
1222 1634 1335 1685 ὅταν
1359 1636 1643 1696 βούλωνται.

61 1728 116 1782 58
132 1714 211 1768 εἶτ’
239 1716 366 1781 οἶμαι
399 1718 673 1782 συμβέβηκε
709 1724 804 1772 τοῖς
837 1717 929 1782 μὲν
950 1718 1190 1782 πλήθεσιν
1216 1720 1317 1769 ἀντὶ
1349 1722 1431 1782 τῆς
1461 1723 1650 1784 πολλῆς

130 1803 205 1852 καὶ
242 1803 434 1868 ἀκαίρου
468 1803 697 1870 ῥᾳθυμίας
735 1801 820 1865 τὴν
853 1803 1119 1869 ἐλευθερίαν
1154 1803 1520 1865 ἀπολωλεκέναι,
1553 1809 1649 1858 τοῖς

128 1884 177 1936 δὲ
207 1885 526 1952 προεστηκόσι
565 1889 639 1936 καὶ
675 1886 835 1936 τᾶλλα
862 1885 1015 1950 Γπλὴν
1041 1885 1255 1939 8ἑαυτοὺς
1287 1887 1509 1949 οἰομένοις
1539 1911 1644 1938 πω-

129 1974 228 2020 λεῖν
266 1969 480 2036 πρώτους
519 1968 707 2023 ἑαυτοὺς
744 1969 1041 2034 πεπρακόσιν
1075 1969 1370 2020 ἵαίσθέσθαι·
1417 1972 1519 2021 ἀντὶ
1553 1970 1701 2038 γάρῐο

130 2053 287 2120 φίλων
313 2056 387 2103 καὶ
414 2053 574 2122 ξένων,
601 2051 663 2103 1ιᾶ
688 2053 792 2104 τότε
820 2052 1127 2118 ὠνομάζοντο,
1154 2054 1288 2117 ἡνίκα
1321 2052 1646 2119 ἐδωροδόκουν,

130 2141 211 2187 νῦν
236 2134 431 2189 κόλακες
459 2139 535 2187 καὶ
567 2141 686 2190 θεοῖς
717 2138 875 2204 ἐχθροὶ
906 2139 981 2187 καὶ
1013 2136 1153 2186 τᾶλλ’
1183 2134 1214 2186 ἃ
1243 2138 1474 2202 προσήκει
1507 2137 1644 2189 πάντ’

61 2235 115 2280 59
131 2220 396 2271 ἀκούουσιν.
451 2220 686 2273 Χείκότως.
743 2222 887 2274 οὐδεὶς
923 2220 1029 2286 γὰρ,
1056 2218 1125 2270 Υῶ
1155 2228 1172 2247 ²
1191 2220 1354 2287 ἄνδρες
1390 2225 1646 2286 Ἀθηναῖοι,

184 2397 203 2417 a
221 2392 363 2436 ἅσμενοι
381 2393 435 2426 καὶ
454 2404 523 2426 om.
547 2392 583 2427 S.
618 2393 670 2426 καὶ
690 2393 1089 2437 αὐτοὶ-πολεμούμενοι
1110 2406 1215 2440 supra
1233 2406 1371 2428 versum
1393 2408 1418 2429 S.
1543 2391 1563 2420 b
1584 2395 1646 2440 φί-

129 2446 256 2480 λιππος
274 2446 430 2480 A.S.k.s.
462 2446 662 2492 Legebatur
682 2448 699 2479 ὁ
720 2448 901 2481 Φίλιππος.
961 2452 977 2471 ⁰
996 2445 1202 2493 Ἰλλυριοὺς]
1228 2448 1402 2493 ἷλλυρίους
1422 2449 1465 2484 Α.
1529 2444 1547 2473 d
1567 2454 1644 2494 Τρι-

128 2498 297 2544 βαλλοὺς]
320 2499 505 2544 τριβαλοὺς
524 2512 553 2534 r.
639 2505 654 2524 e
675 2499 811 2533 ἐποιεῖθ’
828 2499 887 2544 ὑφ’
904 2499 1026 2547 ἐαυτῷ]
1053 2500 1111 2545 ὑφ’
1128 2502 1234 2548 ἑαυτῷ
1253 2501 1399 2534 ἐποιεῖτο
1420 2502 1501 2535 O.u.
1572 2499 1588 2526 f
1603 2503 1644 2544 τῇ

130 2563 200 2586 om.
223 2564 256 2586 u.
332 2560 353 2588 g
372 2552 466 2598 τότε]
490 2554 567 2586 τότε
587 2552 626 2595 δὴ
646 2554 724 2586 τότε
743 2566 776 2587 v.
864 2550 883 2577 h
901 2553 1022 2599 λόγος]
1047 2555 1065 2586 ὁ
1085 2555 1189 2599 λόγος
1211 2555 1245 2587 S.
1324 2551 1333 2578 i
1354 2554 1639 2600 διεμαρτυρόμην]

130 2604 398 2651 διεμαρτυράμην
417 2607 523 2640 A.r.s.
627 2603 644 2627 k
665 2606 732 2652 ἀεὶ]
757 2606 820 2640 αἰεὶ
842 2606 876 2640 S.
980 2603 991 2630 Ῑ
1011 2606 1106 2651 ὅποι]
1131 2607 1216 2640 ὅπου
1236 2608 1270 2640 k.
1378 2613 1409 2631 m
1427 2609 1488 2650 μὲν
1508 2608 1559 2654 ἐν]
1583 2608 1645 2651 μὲν

130 2658 195 2704 γὰρ
215 2659 249 2691 ἐν
269 2659 313 2697 Q.
385 2664 404 2682 ¹¹
423 2659 608 2705 τοιουτονί]
633 2662 789 2693 τοιοῦτόν
809 2659 1115 2705 F.Y.O.p.r.t.u.v.
1145 2674 1330 2694 τοιουτονει
1352 2660 1386 2694 S.
1456 2666 1474 2685 0
1494 2662 1645 2695 ἑκάστων

1330 2710 1415 2740 ἀλλὰ

128 2753 304 2800 οἰομένων]
327 2755 487 2798 οἰομένων
507 2756 658 2789 ἑκάστων
678 2754 1034 2800 l⁴'.Y.Q.O.p.r.t.u.v.
1163 2760 1180 2788 Ι)
1201 2755 1308 2801 ἀλλὰ]
1344 2756 1396 2789 καὶ
1424 2757 1459 2790 k.
1490 2757 1542 2790 καὶ
1562 2756 1643 2791 A.S.

128 2806 159 2840 Y
175 2819 201 2840 s.
223 2813 257 2841 et
276 2822 330 2853 γρ.
352 2820 379 2842 r.
500 2814 519 2841 q
540 2807 687 2852 σχήσειν
709 2809 743 2842 S.
777 2808 924 2852 σχήσειν
946 2808 1255 2851 ὑπολαμβανόντων
1274 2809 1392 2855 vulgo.
1521 2815 1535 2833 Γ
1554 2810 1645 2853 πλὴν

130 2860 282 2907 ἑαυτοὺς]
307 2862 396 2904 πλὴν
415 2861 545 2896 ἄλλους
563 2876 619 2906 γρ.
643 2862 680 2895 F.
780 2866 793 2885 S
814 2860 966 2906 ἑαυτοὺς]
991 2862 1007 2894 ἑ
1026 2873 1163 2895 erasum
1184 2862 1219 2895 in
1242 2862 1277 2895 S.
1365 2861 1379 2886 t
1399 2862 1583 2896 αἰσθέσθαι
1605 2863 1642 2897 S.

128 2911 301 2956 ᾐσθῆσθαι
320 2915 438 2960 vulgo.
544 2920 565 2938 u
585 2913 605 2948 ἃ
625 2927 645 2948 a
664 2926 711 2948 m.
733 2926 800 2949 sec.
821 2914 980 2949 additum
999 2914 1035 2948 in
1057 2915 1094 2949 S.
1197 2920 1217 2939 Χ
1238 2915 1373 2951 εἰκότως
1393 2927 1464 2950 om.
1488 2916 1643 2950 F.S.u.v.

130 2971 147 2999 y
168 2961 194 3000 ὦ
211 2979 279 3001 om.
305 2967 338 3001 S.
449 2973 466 2992 Ζ
486 2968 604 3013 ἅνδρες
622 2980 691 3001 om.
712 2980 747 3013 p.
