1882 3250
230 182 285 220 52
769 183 1195 221 ΔΗΜΟΣΘΕΝΟΎΣ
1465 178 1547 217 Oa.
1566 177 1644 216 1v.
1666 190 1706 231 p.
1721 176 1791 226 46,
1805 191 1843 219 ι.

1205 293 1220 309 Χ

230 316 312 357 της
350 296 424 343 καὶ
450 295 667 359 Χαβρίας
705 296 780 343 καὶ
806 293 948 343 ἄλλοι
985 292 1117 349 τινὲς,
1147 314 1221 341 και
1259 298 1278 325 ‘¹
1295 289 1460 343 αὐτοὺς
1499 291 1616 353 ὑμᾶς
1643 311 1733 339 συ-

229 376 586 441 στρατεύεσθαι·
630 378 704 426 καὶ
743 374 844 426 οἶδα
880 375 1060 425 ἀκούων
1099 375 1168 424 ὅτι
1212 373 1603 436 Λακεδαιμονίους
1639 395 1734 423 πα-

227 458 560 525 ραταττόμενοι
595 460 694 520 μεθ’
724 471 740 491 ¹'
757 460 884 519 ὑμῶν
911 459 1070 508 ἐνίκων
1102 457 1226 507 οὗτοι
1268 460 1308 506 οὶ
1348 457 1469 524 ξένοι
1511 458 1585 505 καὶ
1613 457 1739 517 ὑμεῖς

164 555 215 595 28
228 545 323 606 μετ’
364 543 560 592 ἐκείνων.
603 541 659 610 ἐξ
695 542 747 591 οὗ
786 543 822 591 δ’
860 540 978 590 αὐτὰ
1016 543 1115 591 καθ’
1158 539 1276 591 αὑτὰ
1310 540 1397 589 5τοὶ
1437 538 1595 607 ξενικὰ
1631 540 1788 601 ὑμῖντε

228 625 544 691 στρατεύεται,
583 622 691 677 τοὺς
733 625 902 690 φίλους
933 627 1046 691 ’νικᾷ
1088 625 1163 673 καὶ
1208 622 1316 676 τοὺς
1353 621 1648 688 συμμάχους,
1695 625 1738 671 οἱ

228 710 266 759 δ’
309 710 464 774 ἐχθροὶ
509 707 687 772 μείζους
733 712 814 757 τοῦ
861 706 1042 759 δέοντος
1086 705 1358 771 γεγόνασιν.
1402 708 1476 755 καὶ
1521 704 1732 770 παρακύ-

225 794 390 858 ψαντα
431 792 505 840 ἐπὶ
543 788 625 839 τὸν
668 792 750 852 τῆς
790 788 974 842 πόλεως
1014 788 1239 851 πόλεμον,
1285 788 1403 853 πρὸς
1443 786 1739 853 Ἀρτάβαζον

226 875 301 923 καὶ
337 876 601 938 ἱπανταχοῖ
627 876 816 934 μᾶλλον
854 872 1026 938 οἴχεται
1063 872 1284 933 πλέοντα,
1318 873 1342 922 ὁ
1382 871 1430 921 δὲ
1468 868 1737 935 στρατηγὸς

225 958 486 1006 ἀκολουθεῖ·
527 954 730 1007 εἰκότως·
772 956 825 1004 οὐ
860 954 952 1019 γὰρ
991 954 1122 1004 ε”στιν
1149 954 1308 1021 ἄρχειν
1340 953 1404 1018 μὴ
1431 953 1618 1004 διδόντα
1651 976 1729 1016 μι-
1745 965 1798 1006 47

161 1040 357 1105 29σθόν.
402 1040 450 1089 τί
487 1039 567 1089 οὖν
610 1038 782 1089 κελεύω
804 1063 815 1097 ;
858 1036 940 1090 τὰς
983 1036 1249 1105 προφάσεις
1299 1039 1493 1105 ἀφελεῖν
1538 1039 1613 1087 καὶ
1653 1043 1737 1087 τοῦ

224 1128 497 1189 στρατηγοῦ
536 1126 611 1172 καὶ
643 1127 736 1172 τῶν
769 1125 1088 1186 στρατιωτῶν,
1128 1120 1303 1184 μισθὸν
1337 1122 1628 1186 πορίσαντας
1661 1122 1738 1170 καὶ

223 1207 518 1272 στρατιώτας
545 1206 733 1259 οἰκείους
759 1204 922 1271 ὥσπερ
949 1205 1155 1258 ἐπόπτας
1194 1209 1288 1255 τῶν
1314 1204 1766 1270 στρατηγουμένωνε

222 1288 763 1356 παρακαταστήσαντας,
804 1291 898 1339 ε’πεὶ
945 1294 1026 1338 νῦν
1070 1311 1123 1351 γε
1170 1289 1322 1352 γε’λως
1365 1288 1463 1338 ἔσθ’
1504 1291 1566 1340 ὡς
1605 1287 1732 1354 χρώ-

221 1380 342 1438 μεθα
385 1380 480 1427 τοῖς
525 1372 823 1439 πράγμασιν·
872 1376 907 1422 εἷ
950 1372 1044 1438 γὰρ
1083 1372 1230 1438 ἔροιτό
1270 1395 1339 1424 τις
1381 1373 1512 1434 ὑμᾶς,
1554 1371 1738 1437 εἰρήνην

221 1459 369 1524 ἄγετε,
397 1456 433 1508 ὦ
460 1458 622 1523 ἄνδρες
649 1459 921 1520 Ἀθηναῖοις
962 1455 1028 1519 μὰ
1055 1457 1136 1506 Δί’
1166 1457 1251 1522 οὐχ
1293 1456 1420 1518 ἡμεῖς
1453 1462 1547 1520 1ιγε,
1573 1455 1735 1506 εἴποιτ’

155 1540 291 1604 3οᾶν,
331 1540 461 1591 ἀλλὰ
501 1541 727 1608 Φιλίππῳ
765 1544 1078 1602 πολεμοῦμεν.
1123 1539 1204 1588 οὐκ
1242 1539 1561 1604 ἐχειροτονεῖτε
1600 1536 1649 1588 δὲ
1683 1538 1740 1606 ἐξ

221 1627 349 1688 ὑμῶν
388 1626 540 1675 αὐτῶν
578 1624 686 1674 δέκα
724 1622 1005 1690 ταξιάρχους
1040 1624 1115 1672 καὶ
1154 1621 1452 1687 στρατηγοὺς
1489 1623 1565 1671 καὶ
1604 1625 1728 1690 Χφυ-
1751 1640 1788 1662 ¹0

220 1708 427 1774 λάρχους
452 1709 526 1757 καὶ
554 1705 815 1772 ἱππάρχους
842 1704 952 1764 δύος
993 1706 1042 1754 τί
1064 1705 1144 1754 οὖν
1165 1704 1289 1754 οὗτοι
1315 1710 1564 1765 ποιοῦσιν;
1604 1703 1736 1768 πλὴν

220 1790 319 1843 ἑνὸς
346 1789 527 1855 ἀνδρὸς,
555 1789 607 1839 ὃν
642 1787 698 1838 ἂν
732 1788 1026 1855 Ὺέκπέμψητε
1067 1789 1141 1838 ἐπὶ
1175 1786 1258 1837 τὸν
1295 1787 1520 1850 πόλεμον,
1548 1791 1590 1837 οἱ
1625 1793 1728 1837 λοι-

218 1876 299 1925 ποὶ
341 1873 425 1927 τὰς
475 1871 667 1936 πομπὰς
711 1872 981 1934 πέμπουσιν
1028 1873 1133 1930 ὑμῖν
1177 1870 1295 1933 μετὰ
1339 1875 1434 1920 τῶν
1478 1874 1732 1936 ἱεροποιῶν·

219 1956 382 2023 ὥσπερ
408 1955 502 2022 γὰρ
538 1960 578 2006 οὶ
616 1955 905 2008 πλάττοντες
943 1953 1048 2007 τοὺς
1086 1955 1325 2018 πηλίνους,
1353 1957 1414 2007 εἷς
1445 1953 1530 2018 τὴν
1556 1953 1734 2020 ἀγορὰν
1749 1976 1784 2006 15

217 2044 517 2107 χειροτονεῖτε
556 2036 663 2090 τοὺς
702 2035 985 2105 ταξιάρχους
1028 2039 1104 2086 καὶ
1143 2035 1278 2089 Ζτοὺς
1319 2035 1607 2104 φυλάρχους,
1652 2038 1735 2087 οὐκ

149 2143 197 2184 31
218 2126 291 2174 ἐπὶ
318 2123 399 2173 τὸν
421 2121 752 2184 πόλεμον.οὐ
778 2143 869 2185 γαρ
908 2121 1069 2186 εχρῆν,
1100 2117 1136 2170 ὠ
1164 2118 1326 2185 ἄνδρες
1361 2121 1617 2184 Ἀθηναῖοι,
1642 2143 1730 2170 τα-

217 2206 439 2275 ξιάρχους
488 2206 596 2271 παρ’
646 2205 788 2266 ὑμῶν,
835 2202 1128 2270 “ιππάρχους
1179 2205 1288 2268 παρ’
1333 2205 1462 2265 ὑμῶν
1501 2225 1733 2270 αρχοντας

216 2291 405 2341 οἷκειους
443 2287 570 2349 εἶναι,
597 2288 651 2338 ἵν’
680 2286 738 2351 ἧν
773 2289 834 2340 ὡς
869 2288 1060 2350 ἀληθῶς
1097 2289 1180 2349 τῆς
1216 2286 1402 2339 πόλεως
1433 2310 1461 2349 η
1499 2285 1726 2349 δύναμις·
1713 2326 1726 2348 ,

216 2372 324 2421 ἀλλ’
354 2393 416 2422 εις
441 2393 525 2432 μεν
552 2372 747 2432 Λῆμνον
782 2368 865 2419 τὸν
902 2367 1059 2433 παρ’Ῑ)
1070 2370 1198 2430 ὑμῶν
1225 2390 1463 2434 ιππαρχον
1488 2370 1559 2418 δεῖ
1578 2372 1785 2430 maimo

215 2458 309 2504 τῶν
348 2455 384 2503 δ’
427 2452 542 2518 ὑπὲρ
583 2457 700 2502 οτῶν
738 2455 821 2514 τῆς
862 2451 1046 2504 πόλεως
1088 2451 1337 2514 κτημάτων
1381 2450 1732 2516 ἀγωνιζομένων

270 2636 286 2659 ‘1
307 2632 430 2666 αὐτοὺς
444 2631 527 2675 ὑμᾶς
541 2629 671 2664 A.S.Y.
703 2629 787 2672 ὑμᾶς
799 2629 921 2664 αὐτοὺς
939 2628 1045 2674 vulgo
1062 2634 1096 2663 et
1116 2629 1224 2663 schol.
1238 2628 1343 2662 Arist.
1360 2627 1411 2662 Pl.
1433 2637 1518 2673 173.
1589 2631 1600 2648 Υ
1616 2626 1727 2673 ὑμῶν]

216 2685 308 2728 ἡμῶν
328 2685 413 2718 RF.
513 2689 528 2708 S
549 2684 590 2717 τὰ
609 2695 629 2716 a
649 2695 696 2716 m.
718 2683 863 2728 antiqua
882 2694 1052 2727 superser.
1073 2682 1109 2715 in
1132 2682 1166 2715 S.
1271 2683 1281 2704 t
1300 2682 1468 2725 πανταχοῖ
1488 2681 1523 2715 S.
1554 2682 1732 2725 πανταχοῦ

215 2739 332 2783 vulgo.
482 2744 501 2761 ¹¹
522 2751 561 2782 γε
582 2748 651 2770 om.
668 2735 756 2770 A.Y.
904 2741 920 2757 Χ
940 2736 1143 2781 φυλάρχους
1161 2735 1214 2768 καὶ
1234 2734 1443 2780 ἱππάρχους]
1469 2734 1660 2779 ἱππάρχους
1678 2733 1732 2767 καὶ

215 2792 417 2835 φυλάρχους
435 2790 522 2823 A.Y.
597 2796 611 2819 ι*
633 2788 848 2834 ἐκπέμψητε]
872 2788 1033 2833 πέμψητε
1052 2788 1141 2823 A.Y.
1227 2793 1244 2812 Ζ
1264 2788 1344 2823 τοὺς
1363 2799 1434 2822 om.
1456 2799 1491 2822 u.
1567 2792 1585 2812 a
1605 2786 1731 2831 ἱππάρ-

214 2843 314 2888 χους]
337 2842 509 2888 ἵππαρχον
531 2843 566 2876 S.
689 2838 709 2866 b
730 2841 822 2885 ὑμῶν
841 2840 934 2887 ἵππ.]
958 2841 1050 2886 ἡμῶν
1068 2839 1144 2876 ἵππ.
1167 2841 1254 2877 Α.Υ.
1385 2846 1401 2866 ⁰
1419 2842 1486 2874 τῶν
1505 2851 1575 2875 om.
1595 2839 1728 2874 A.B.F.

215 2896 377 2930 Y.O.u.v.
