1882 3250
718 149 1063 189 PRAEFATIO
1605 148 1648 188 xi

134 278 339 322 quorum
375 260 470 306 duo
505 261 675 307 ultima
711 261 865 324 Lysiae
907 261 1107 307 orationi
1143 259 1331 306 funebri
1370 259 1477 306 data
1521 267 1645 305 sunt.

133 336 308 382 Insunt
345 336 580 382 orationes
629 338 876 400 sexaginta
919 346 966 382 et
1009 353 1116 390 una,
1157 336 1399 381 Prooemia
1442 342 1489 379 et
1528 334 1643 397 Epi-

133 414 277 467 stolae,
323 414 580 477 praemissis
629 413 730 471 (fol.
771 418 963 474 1—11.)
1012 413 1201 459 Libanii
1252 411 1545 474 argumentis
1599 420 1646 456 et

132 488 232 546 (fol.
265 494 357 551 12.)
391 490 548 536 indice
584 491 853 536 orationum
886 507 991 552 quae
1029 507 1138 535 cum
1165 487 1422 534 Prooemiis
1452 486 1644 549 Episto-

132 564 283 626 lisque
324 567 535 611 numeris
575 566 746 626 α’-ξη’
782 575 892 611 sunt
928 566 1138 628 signatae.
1201 563 1334 610 Ordo
1373 565 1640 608 orationum

130 639 256 685 idem
295 651 365 686 est
401 643 483 703 qui
525 642 576 687 in
617 642 749 687 libris
790 641 941 691 editis,
979 641 1068 686 nisi
1110 639 1238 702 quod
1278 639 1548 684 orationum
1585 638 1644 684 de

129 715 428 762 Rhodiorum
455 717 673 762 libertate
703 726 750 762 et
778 735 864 780 pro
890 715 1250 779 Megalopolitis
1283 713 1398 759 ordo
1430 714 1643 759 inversus

128 801 200 836 est
245 801 293 837 et
338 792 671 838 Androtionea
711 793 976 838 orationem
1030 790 1269 837 antecedit
1318 807 1404 853 pro
1453 806 1642 835 corona.

130 866 293 930 Longe
326 867 539 914 diversus
566 878 636 914 est
666 868 781 914 ordo
815 877 1223 931 argumentorum,
1257 882 1459 928 quorum
1500 865 1641 910 series

129 944 393 989 secundum
435 954 620 990 nostros
658 962 882 990 numeros
921 945 1024 990 haec
1062 952 1148 999 est,
1190 959 1377 989 1.—11.
1420 958 1641 1002 13.—-21.

130 1037 206 1081 23.
242 1037 318 1065 22.
354 1036 429 1079 24.
458 1035 533 1082 25.
561 1034 639 1083 59.
678 1023 755 1082 58.
784 1034 860 1083 57.
894 1036 969 1082 27.
1000 1037 1074 1081 29.
1113 1036 1188 1080 30.
1221 1035 1300 1080 31.
1338 1031 1414 1078 54.
1453 1035 1530 1079 39.
1562 1032 1642 1075 4ο.

127 1097 1641 1158 36·45·46-32·37-38·35-34-33-55-52-51-50-49·

126 1187 203 1233 53.
235 1187 315 1229 42.
347 1188 427 1230 41.
459 1175 537 1230 48.
571 1174 647 1233 56.
681 1186 759 1233 47.
792 1187 872 1233 43.
905 1187 984 1229 44.
1040 1169 1198 1216 Variae
1242 1169 1470 1214 lectiones
1520 1168 1643 1214 inter

123 1264 285 1292 versus
312 1257 360 1293 et
386 1248 434 1293 in
466 1248 764 1311 marginibus
792 1247 1042 1310 adscriptae
1080 1254 1190 1291 sunt
1216 1244 1450 1307 plurimae.
1519 1243 1641 1290 Ora-

123 1323 334 1369 tionibus
360 1324 577 1386 pluribus
604 1324 898 1386 subscriptus
920 1339 1146 1368 numerus
1165 1337 1404 1367 versuum.
1448 1318 1642 1366 Scholia

125 1400 317 1463 copiosa
356 1409 467 1446 sunt
510 1400 567 1446 ad
607 1400 843 1446 orationes
884 1398 1203 1462 Olyntliiacas
1240 1405 1287 1441 et
1328 1395 1640 1458 Philippicas,

122 1493 209 1540 pro
239 1495 414 1523 corona
440 1487 485 1523 et
511 1477 568 1523 de
594 1478 712 1523 falsa
737 1476 988 1539 legatione,
1014 1492 1117 1520 rara
1142 1474 1189 1519 in
1226 1472 1434 1534 reliquis.
1496 1471 1643 1518 Codi-

123 1569 226 1597 cen]
254 1553 439 1615 primus
464 1561 618 1598 totuin
648 1552 857 1598 excussit
883 1553 921 1597 Ι.
944 1551 1209 1596 Bckkerus.

188 1628 320 1674 Huic
356 1629 477 1675 libro
513 1629 644 1674 omni
682 1646 741 1674 ex
779 1638 912 1691 parte
949 1626 1221 1672 simillimus
1258 1633 1330 1670 est
1359 1624 1434 1680 B.³
1468 1623 1641 1669 biblio-

120 1703 274 1750 thecae
310 1704 451 1767 regiae
484 1704 793 1750 Monacensis
823 1705 897 1764 85.
930 1702 1063 1759 (olim
1094 1706 1239 1764 2772),
1273 1718 1417 1763 quein
1454 1699 1638 1763 primus

122 1781 368 1843 usurpavit
409 1781 631 1826 Reiskius
677 1779 898 1826 Bavarici
950 1780 1145 1825 nomine
1193 1778 1505 1841 appellatum,
1549 1795 1638 1840 ego

120 1855 279 1902 denuo
313 1874 368 1902 eo
405 1875 509 1902 sum
543 1875 655 1903 usus
690 1857 755 1902 ita
784 1865 837 1901 ut
866 1856 1123 1901 lectionem
1151 1855 1208 1900 ad
1234 1854 1470 1900 orationes
1497 1853 1637 1915 quin-

121 1949 213 1994 que
247 1933 424 1996 primas
458 1933 693 1995 integram
731 1933 1006 1996 speciminis
1044 1950 1209 1978 caussa
1246 1948 1555 1994 apponerem,
1588 1930 1638 1976 in

121 2009 288 2054 ceteris
337 2009 609 2055 omitterem
654 2010 743 2055 nisi
787 2009 869 2055 ubi
913 2009 1084 2054 diserte
1128 2007 1426 2054 memorandi
1471 2024 1638 2053 caussa

120 2094 257 2131 esset.
328 2087 400 2132 Ita
437 2086 566 2131 enim
605 2086 683 2131 ille
721 2103 830 2131 cuin
864 2086 917 2131 F.
954 2085 1193 2132 consentit
1228 2094 1280 2130 ut
1315 2085 1456 2130 unius
1493 2085 1636 2129 ambo

120 2161 297 2207 codicis
334 2161 481 2207 instar
514 2163 609 2208 sint
645 2171 692 2208 et
726 2164 762 2208 si
796 2161 989 2224 quando
1018 2161 1266 2207 dissentire
1291 2160 1557 2215 videantur,
1581 2177 1636 2205 ea

118 2238 403 2300 plerumque
440 2238 636 2294 Reiskii,
674 2239 822 2284 rarius
855 2238 1064 2284 Bekkeri
1096 2238 1237 2300 culpa
1270 2238 1344 2283 sit.
1414 2236 1542 2282 Nam
1585 2244 1636 2282 ut

119 2314 339 2360 Reiskius
384 2315 552 2371 multa,
594 2315 858 2378 praesertim
901 2314 959 2360 de
1007 2314 1322 2360 collocatione
1360 2313 1633 2369 verborum,

118 2399 344 2435 annotare
371 2390 600 2453 neglexit,
627 2392 716 2437 alia
741 2391 860 2436 falso
884 2390 1067 2436 rettulit
1099 2389 1157 2435 de
1190 2389 1354 2436 codice
1383 2389 1632 2445 Bavarico‚

117 2465 182 2511 ita
205 2465 454 2511 Bekkerus
481 2483 688 2528 quoque,
716 2466 844 2529 quod
875 2467 924 2512 in
948 2474 1083 2512 tanto
1107 2466 1344 2512 variarum
1370 2464 1632 2511 lectionum

117 2550 346 2604 apparatu
382 2541 463 2587 vix
496 2551 684 2605 poterat
712 2542 866 2599 vitari,
903 2542 953 2587 in
984 2542 1175 2588 Veneto
1212 2541 1390 2604 passim
1428 2539 1521 2602 legi
1558 2540 1632 2585 vel

115 2616 239 2662 dixit
261 2617 335 2662 vel
363 2617 552 2663 silentio
579 2636 663 2663 suo
691 2618 979 2681 significavit
1003 2635 1109 2679 quae
1134 2635 1230 2663 non
1261 2617 1512 2679 leguntur:
1549 2633 1632 2661 cu-

107 2691 322 2752 jusmodi
361 2693 597 2738 erroribus
641 2711 700 2738 ne
743 2694 862 2739 mihi
899 2693 1026 2739 fraus
1066 2695 1215 2747 fieret,
1248 2692 1421 2756 partim
1465 2691 1630 2738 codice

112 2766 303 2813 Veneto
337 2767 576 2814 interdum
603 2768 760 2814 denuo
794 2770 1012 2832 inspecto
1040 2769 1215 2833 partim
1247 2769 1355 2815 libri
1394 2769 1630 2824 Bavarici,

114 2841 196 2902 qui
223 2850 497 2888 constanter
521 2842 641 2889 mihi
669 2843 728 2889 ad
752 2861 923 2889 manus
948 2843 1053 2898 fuit,
1079 2861 1166 2890 usu
1192 2852 1386 2891 cautum
1412 2852 1498 2892 est.
1551 2845 1628 2892 Ad

837 2921 866 2965 b
