1930 3266
20 193 154 235 —303,
172 197 220 222 12.
577 186 701 222 ΠΕΡΙ
732 184 841 222 ΤΟΎ
872 185 1177 222 ΣΤΕΦΑΝΟὙ.
1544 186 1628 227 317

119 294 254 360 μέρος
281 298 374 344 τῶν
399 294 580 362 ψήφων
606 295 687 345 οὐκ
718 293 905 355 ἐ’λαβεν.
974 294 1073 344 Καί
1103 317 1183 357 μοι
1214 294 1351 359 ἰλε’γε
1387 301 1533 346 ταῦτα
1569 296 1628 346 τὰ

119 379 414 446 ψηφίσματα
451 376 546 428 Ιςτοὶ
583 376 687 428 τότε
725 377 809 440 μὲν
847 377 1222 446 ἀποπεφευγότα,
1259 377 1349 428 ὑπὸ
1385 378 1550 428 τούτου
1587 380 1624 429 δ’

117 459 239 511 Ῑοὺδὲ
265 460 522 529 γραφέντα.

687 549 1054 590 ΨΗΦΙΣΜΑΤΑ.

26 630 105 670 282
191 621 340 669 Ταυτὶ
374 618 432 669 τά
463 621 758 688 ψηφίσματ’,
784 618 858 669 ωῶ
893 620 1055 686 ἄνδρες
1085 621 1339 682 Ἀθηναῖοι,
1366 619 1449 673 τὰς
1483 620 1679 673 αὐτάςὶο

117 701 370 762 συλλαβὰς
419 705 494 753 καὶ
543 702 689 753 ταύτὰ
737 702 906 769 ῥήματ’
950 703 1055 770 ἔχει,
1099 700 1219 768 ἅπερ
1268 702 1495 768 πρότερον
1541 703 1626 766 μὲν

114 784 450 851 Ἀριστόνικος,
491 792 573 837 νῦν
611 786 659 837 δὲ
700 791 966 855 Κτησιφῶν
1003 787 1241 854 γέγραφεν
1279 788 1491 837 Ποὺτοσί.
1550 790 1626 837 καὶ

115 870 240 920 ταῦτ’
278 870 509 935 Αἰσχίνης
547 870 638 919 οὔτ’
679 870 866 937 ἐδίωξεν
905 869 1042 923 αὐτὸς
1081 871 1185 920 οὔτε
1228 873 1294 938 τῷ
1331 869 1624 938 γραψαμένῳ

113 951 549 1018 συγκατηγόρησεν.
606 953 752 1003 καίτοι
778 952 881 1003 τότε
914 953 996 1003 τὸν
1022 951 1343 1016 οΔημομέλην
1368 952 1450 1002 τὸν
1477 958 1624 1003 ταῦτα
1638 973 1675 1004 25

113 1034 360 1104 γράφοντα
379 1037 455 1086 καὶ
480 1034 562 1086 τὸν
582 1036 898 1101 Ρ(Υπερείδην,
915 1036 1040 1102 ε’ίπερ
1062 1038 1217 1098 ἀληθῆ
1238 1043 1257 1069 q
1265 1058 1356 1098 μου
1383 1042 1464 1086 νῦν
1484 1059 1624 1099 κατη-

25 1132 102 1187 283
116 1123 256 1184 γορεῖ,
290 1123 479 1181 μᾶλλον
514 1117 571 1168 ἂν
607 1117 790 1172 εἰκότως
825 1118 853 1182 ἦ
890 1119 1009 1169 τόνδ’
1039 1120 1234 1169 ἐδίωκεν.
1294 1118 1397 1169 1’διδι
1429 1119 1505 1178 τίς
1553 1119 1623 1169 ὅτι

115 1207 206 1270 8τῷ
239 1202 324 1266 μὲν
357 1203 456 1252 ἔστ’
484 1203 765 1267 ἵάνενεγκεῖν
790 1205 891 1253 ue'7z·’
918 1204 1113 1255 ἐκείνους
1146 1205 1220 1252 καὶ
1256 1200 1340 1254 τὰς
1369 1206 1462 1252 τῶν
1490 1205 1618 1252 δικα-

112 1287 318 1352 στηρίων
339 1285 540 1350 γνώσεις
567 1288 641 1336 καὶ
667 1285 721 1336 τὸ
747 1292 912 1336 τοῦτον
932 1286 1100 1336 Χαύτὸν
1126 1287 1308 1336 ἐκείνων
1334 1285 1397 1348 μὴ
1423 1308 1624 1350 κατηγο-

112 1369 298 1435 ρηκέναι
323 1368 498 1419 Υταύτόι
529 1369 821 1437 γραψάντων
853 1368 971 1436 ἅπερ
998 1370 1129 1422 οὗτος
1156 1371 1296 1431 Ζνυνῖ,
1323 1371 1398 1418 καὶ
1431 1367 1485 1419 τὸ
1518 1368 1624 1422 τοὺς
1637 1383 1719 1425 303

114 1452 280 1516 νόμους
311 1453 465 1516 μηκέτ’
495 1455 574 1503 ἐᾶν
599 1455 704 1519 περὶ
739 1458 834 1503 τῶν
860 1456 979 1504 οὕτω
1006 1453 1311 1519 πραχθέντων
1336 1457 1623 1517 κατηγορεῖν,

114 1538 188 1587 καὶ
226 1536 389 1587 πολλὰ
427 1537 571 1602 ἕτερα·
616 1537 721 1587 τότε
759 1540 800 1586 δ’
836 1537 949 1587 αὐτὸ
988 1537 1042 1587 τὸ
1080 1538 1257 1602 πρᾶγμ’
1296 1535 1387 1586 Βάν
1424 1537 1624 1601 ἐκρίνετο

25 1619 133 1681 284b
149 1622 222 1688 ἐφ’
260 1622 415 1683 αὑτοῦ,
438 1621 565 1730 ἀπρίν
605 1628 680 1671 ετι
725 1620 902 1671 τούτων
939 1625 1213 1686 προλαβεῖν.
1274 1621 1383 1670 ἀλλ’
1426 1620 1508 1669 οὐκ
1551 1618 1653 1682 ἧν,5

114 1703 254 1769 οἶμαι,
288 1704 405 1765 τότε,
438 1702 496 1754 db
532 1706 628 1755 νυνὶ
663 1709 820 1766 Εποιεῖ,
855 1705 904 1754 ἐκ
939 1708 1156 1754 παλαιῶν
1191 1702 1373 1769 χρόνων
1408 1705 1482 1753 καὶ
1517 1706 1620 1769 ψη-

112 1873 214 1937 μήτ
260 1871 318 1923 ἂν
362 1872 489 1941 ὠήθη
533 1895 732 1969 τημερον
776 1874 985 1938 ῥηθῆναι,
1032 1870 1324 1932 διαβάλλειν,
1367 1872 1442 1920 καὶ
1486 1893 1618 1933 μετε-

112 1956 334 2021 νεγκόντα
371 1978 477 2009 τους
513 1955 709 2023 χρόνους
748 1979 823 2006 και
861 1954 1126 2023 προφάσεις
1165 1956 1266 2004 ἀντι
1304 1976 1397 2003 των
1431 1956 1624 2017 ἀληθῶν

112 2043 298 2108 ψευδεῖς
341 2039 599 2102 μεταθέντα
642 2044 737 2092 τοῖς
779 2061 1122 2104 πεπραγμενοις
1168 2039 1316 2087 δοκεῖν
1360 2060 1404 2087 τι
1448 2037 1618 2103 λεγειν.
1644 2062 1679 2083 ¹0

113 1787 367 1857 φισμάτων
417 1792 616 1839 πολλῶν
660 1788 932 1856 ἐκλέξαντα,
978 1786 1009 1838 ἃ
1056 1786 1173 1850 μήτε
1223 1786 1416 1853 προῄδει
1466 1790 1624 1850 μηδεὶς

0 2110 143 2224 ξ285
115 2123 194 2173 οὐκ
227 2122 284 2186 ἠν
316 2122 421 2173 τότε
459 2128 617 2183 ταῦτα,
653 2124 762 2172 ἀλλ’
796 2121 896 2173 febr}
934 2125 1016 2185 τῆς
1050 2121 1284 2218 ἀληθείας,
1317 2119 1491 2185 ἕέγγυς
1529 2125 1623 2172 τῶν

113 2228 274 2272 εργων,
319 2206 385 2256 ε’τι
433 2228 735 2269 μεμνημενων
781 2207 908 2268 ὑμῶν
957 2228 1032 2255 και
1082 2203 1226 2268 μόνον
1271 2202 1387 2254 ἢούκ
1431 2205 1479 2253 ἐν
1523 2209 1623 2257 ταῖς

165 2392 176 2419 i
195 2394 291 2441 λέγε]
315 2397 403 2435 λαβὲ
425 2396 460 2430 S.
550 2394 570 2421 k
591 2397 632 2430 τὰ
650 2396 729 2430 τότε
747 2397 808 2440 μὲν
828 2408 897 2430 om.
917 2408 970 2442 pr.
993 2396 1029 2430 S.
1115 2392 1125 2419 Ῑ
1146 2393 1241 2439 οὐδὲ]
1265 2394 1363 2427 οὐδέν
1383 2393 1501 2428 O.u.v.
1533 2395 1572 2428 οὐ
1591 2407 1622 2430 r.

114 2454 143 2473 ¹¹¹
163 2444 190 2482 ὦ
207 2460 277 2482 om.
302 2448 338 2482 S.
452 2455 470 2474 Π
491 2450 628 2496 οὑτοσί]
653 2450 781 2483 οὑτωσί
801 2449 844 2484 Ο.
966 2454 984 2473 0
1005 2447 1224 2493 Δημομέλην]
1250 2448 1422 2490 δημομέλη
1443 2447 1621 2486 F.S.Y.Q.

113 2501 223 2536 O.t.u.
254 2501 442 2545 δημοτέλην
461 2515 489 2537 r.
579 2509 598 2536 P
619 2502 795 2548 ὗπερείδην
814 2503 944 2537 A.B.S.
982 2502 1205 2536 Scribebatur
1223 2500 1412 2544 Ὑπερίδην.
1497 2506 1515 2532 (Ι
1535 2500 1617 2546 μου]

111 2569 168 2598 μοι
186 2567 213 2589 r.
288 2560 303 2578 Γ
323 2555 377 2588 διὰ
397 2555 450 2596 τίς
481 2555 532 2590 ὅτι
552 2559 598 2603 τῷ
617 2557 694 2603 μὲν]
719 2555 829 2603 τούτῳ
849 2557 909 2599 μὲν
928 2556 993 2601 γὰρ
1013 2556 1092 2590 A.k.
1174 2559 1188 2578 S
1208 2553 1273 2600 τῷ]
1297 2554 1382 2587 τῶδε
1403 2553 1439 2588 S.
1515 2552 1529 2577 t
1548 2553 1622 2586 ἀνε-

112 2607 256 2653 νεγκεῖν]
281 2608 424 2652 ἐνεγκεῖν
444 2610 500 2650 Α.,
521 2609 560 2643 ἀν
580 2610 615 2642 in
635 2622 744 2655 marg.
767 2610 953 2654 adscriptO.
1078 2613 1100 2632 ¹1
1117 2606 1186 2652 ἐπ’]
1211 2605 1265 2640 ὑπ’
1287 2606 1331 2640 O.
1460 2611 1480 2630 X
1499 2606 1617 2652 αὐτὸν]

112 2661 220 2694 αὐτῶν
238 2661 273 2694 k.
383 2667 402 2694 Y
421 2662 543 2708 ταύτὰ]
566 2664 671 2696 ταῦτα
690 2664 731 2696 A.
855 2668 872 2687 Ζ
894 2662 982 2707 νυνὶ]
1008 2663 1065 2695 νῦν
1084 2660 1238 2694 A.S.k.s.
1357 2665 1374 2684 ²²
1393 2657 1433 2692 ἂν
1453 2658 1617 2705 ἐκρίνετο]

112 2712 298 2758 ἀνεκρίνετο
318 2714 712 2753 A.F.Q.O.k.r.S.t.u.V.
810 2711 830 2740 b
850 2714 922 2760 ἐφ’]
945 2714 1006 2760 ἀφ’
1026 2721 1051 2748 t.
1081 2714 1158 2758 περὶ
1177 2714 1213 2747 k.
1303 2718 1319 2737 ⁰
1338 2727 1370 2745 τι
1389 2711 1517 2746 τούτων
1535 2725 1619 2757 προ-

112 2782 246 2828 λαβεῖν]
271 2797 303 2816 τι
324 2777 448 2817 rofi-&1¹5
468 2785 683 2829 προσλαβεῖν
704 2783 739 2817 S.
758 2784 818 2826 (ων
837 2795 857 2817 a
876 2795 922 2816 m.
944 2785 1027 2827 sec.)
1070 2781 1200 2816 τούτων
1219 2796 1251 2815 τι
1270 2783 1485 2827 προσλαβεῖν
1503 2782 1620 2815 A.k.s.

113 2848 146 2867 τι
165 2834 292 2869 τούτων
311 2837 431 2876 λαβεῖν
450 2849 484 2882 p.
573 2833 591 2861 (Ῑ
612 2835 630 2869 ὃ
649 2837 835 2870 A.S.k.r.S.
865 2836 885 2869 ἃ
904 2836 1023 2881 vulgo.
1122 2841 1138 2859 θ
1157 2834 1262 2880 ποιεῖ]
1285 2836 1393 2868 ποιεῖν
1415 2834 1449 2868 S.
1535 2831 1551 2858 f
1568 2835 1623 2869 ἐπὶ

114 2888 171 2930 τῆς
184 2888 366 2923 A.S.k.r.s.
384 2895 418 2923 et
432 2904 489 2935 γρ.
504 2890 548 2929 Q.
570 2889 620 2924 ἐπ’
635 2890 737 2933 αὐτῆς
753 2889 990 2928 F.Q.O.t.u.v.
1012 2887 1062 2922 ἐπ’
1075 2888 1177 2931 αὐτῆς
1194 2889 1252 2931 τῆς
1268 2888 1385 2933 vulgo.
1460 2892 1480 2920 g
1500 2886 1617 2933 ἐγγὺς]

115 2940 216 2986 ἐγγὺς
235 2943 338 2985 οὔσης
359 2942 710 2988 F.Y.Q.O.p.r.t.u.v.
732 2948 767 2976 et
785 2957 840 2988 γρ.
864 2955 890 2976 s.
1001 2939 1021 2966 h
1041 2941 1100 2975 οὐκ
1120 2953 1188 2975 om.
1209 2946 1235 2974 t.
