1882 3250
245 164 329 203 144,
765 161 1232 215 [ΔΗΜΟΣΘΕΝΟὙΣ]
1426 160 1506 199 ΟΒ.
1528 159 1586 198 X.
1614 173 1655 213 p.
1680 171 1772 212 134,
1787 175 1826 200 28

245 277 437 342 ἡγεῖται.
479 276 598 342 πρὸς
637 274 686 326 δὲ
719 275 898 328 τούτοις
934 273 1178 326 τοσούτοις
1217 273 1352 323 οὖσιν
1395 270 1517 322 οἶδεν
1555 273 1760 337 ἀκριβῶς

246 360 316 411 ὅτι
360 362 451 411 οὐδ’
494 359 551 410 ἂν
587 359 808 410 ἁπάντων
846 363 940 408 τῶν
982 357 1148 407 ἄλλων
1185 355 1373 420 γένηται
1415 353 1586 420 κύριος,
1630 354 1761 405 οὐδὲν

247 445 384 495 ιἶὲστ’
423 445 548 512 αὐτῷ
586 443 790 503 βεβαίως
829 442 964 508 ἔχειν,
1004 441 1087 493 ἕως
1124 438 1181 489 ἂν
1220 441 1345 501 ὑμεῖς
1384 441 1853 505 δημοκρατῆσθε,ι35

185 529 356 579 16ἀλλ’
385 526 464 578 ε’άν
502 549 615 578 ποτε
654 528 820 592 συμβῇ
858 547 902 574 τι
936 527 1155 585 πταῖσμα
1193 521 1376 584 (πολλὰ
1413 523 1449 570 δ’
1485 520 1543 571 ἂν
1580 522 1761 586 γένοιτο

246 609 549 677 τάνθρώπῳ),
592 608 692 676 ἥξει
732 606 888 657 πάντα
929 605 987 655 τὰ
1034 610 1116 655 νῦν
1159 605 1455 666 βεβιασμένα
1497 604 1574 654 καὶ
1613 627 1757 655 κατα-

247 693 469 762 φεύξεται
512 690 630 757 πρὸς
677 693 807 753 ὑμᾶς·
847 688 955 739 ἐστὲ
999 687 1092 754 γὰρ
1145 689 1271 751 ὑμεῖς
1316 689 1398 738 οὐκ
1443 688 1573 738 αὐτοὶ
1615 695 1761 739 πλεο-

248 779 468 838 νεκτῆσαι
509 777 582 824 καὶ
619 777 875 839 κατασχεῖν
901 770 1051 837 ἀρχὴν
1085 772 1133 821 εὖ
1170 770 1443 837 πεφυκότες,
1469 773 1580 820 ἀλλ’
1608 771 1791 837 ἕτερον5

246 863 413 919 λαβεῖν
458 863 673 908 κωλῦσαι
719 859 794 906 καὶ
838 863 851 881 ⁵
873 856 1020 921 ἔχοντ’
1062 854 1327 922 ἀφελέσθαι
1373 857 1448 905 καὶ
1493 854 1617 908 ὅλως
1656 856 1757 905 ἐνο-

525 945 544 953 e-
601 939 657 965 t>l

247 943 429 1008 χλῆσαι
468 962 564 993 τοις
623 961 781 1004 αρχειν
807 936 1114 999 βουλομένοις
1153 939 1227 987 καὶ
1257 944 1277 963 ¹¹

1284 936 1464 990 πάντας
1489 938 1762 1003 ἀνθρώπους

185 1030 310 1090 ῑγεῖς
348 1024 614 1089 ἐλευθερίαν
638 1022 888 1090 ἐξελέσθαι
914 1021 1062 1072 δεινοί,
1103 1022 1269 1071 οὔκουν
1294 1021 1517 1082 βούλεται
1554 1026 1650 1074 τοῖς
1681 1023 1763 1072 αὑ-

248 1114 330 1159 τοῦ
358 1112 531 1174 καιροῖς
557 1106 642 1169 τὴν
669 1106 775 1171 παρ’
809 1112 828 1130 '⁴'
850 1107 978 1167 ὑμῶν
1003 1106 1268 1170 ἐλευθερίαν
1292 1104 1564 1173 ἐφεδρεύειν,
1592 1106 1645 1155 οὐ
1671 1127 1759 1155 κα-
1780 1131 1816 1153 ιο

249 1197 340 1245 κῶς
400 1192 493 1241 οὐδ’
548 1193 704 1256 ἀργῶς
759 1195 907 1240 ταῦτα
958 1186 1272 1253 λογιζόμενος.
1333 1192 1521 1254 πρῶτον
1571 1187 1656 1251 μὲν
1707 1187 1764 1253 δὴ

248 1284 266 1310 5
287 1281 424 1331 τοῦτο
465 1276 544 1337 δεῖ,
589 1272 759 1340 ἐχθρὸν
803 1272 1109 1339 ὑπειληφέναι
1152 1275 1234 1336 τῆς
1275 1274 1513 1325 πολιτείας
1564 1274 1639 1323 καὶ
1685 1275 1766 1336 τῆς

250 1359 562 1425 δημοκρατίας
614 1356 934 1407 ἀδιάλλακτον
997 1358 1181 1419 ἐκεῖνον,
1236 1357 1447 1423 δεύτερον
1498 1355 1546 1406 δὲ
1603 1357 1766 1407 εἰδέναι

251 1447 423 1511 σαφῶς
475 1442 544 1492 ὅτι
595 1441 733 1492 πάνθ’
781 1440 875 1490 ὅσα
924 1440 1300 1506 πραγματεύεται
1351 1442 1425 1490 καὶ
1478 1439 1765 1491 κατασκευά-

187 1542 237 1582 18
253 1527 372 1593 ζεται
417 1532 512 1587 νῦν,
552 1527 625 1576 ἐπὶ
670 1523 755 1588 τὴν
799 1525 1024 1590 ἡμετέραν
1065 1523 1208 1574 πόλιν
1244 1522 1658 1589 παρασκευάζεται.
1712 1525 1816 1580 01315

251 1610 345 1676 γὰρ
383 1612 529 1664 οὕτως
567 1608 734 1672 εὐήθης
769 1609 932 1658 Ζέστῖν
968 1610 1096 1671 ὑμῶν
1122 1608 1303 1660 ἢούδεῖς
1330 1605 1450 1656 ὥσθ’
1479 1607 1762 1671 ὑπολαμβά-

254 1717 345 1744 νειν
371 1692 453 1744 τὸν
482 1693 724 1743 Φίλιππον
759 1695 852 1741 τῶν
878 1689 962 1753 μὲν
989 1691 1037 1740 ἐν
1065 1687 1234 1757 Θρᾴκῃ
1274 1693 1427 1739 κακῶν
1457 1689 1526 1752 (τί
1547 1687 1639 1754 γὰρ
1675 1687 1694 1715 b
1711 1687 1769 1739 ἂν

253 1778 379 1828 ἄλλο
425 1800 493 1830 τις
545 1776 662 1826 ε’ίποι
706 1775 1007 1840 θΔρογγίλον
1053 1776 1127 1824 καὶ
1173 1773 1436 1837 ᾱΚαβύλην
1484 1775 1559 1824 καὶ
1610 1772 1764 1824 ΕΜοῖ-

252 1884 445 1927 στειραν
471 1862 546 1911 καὶ
583 1859 613 1909 ἃ
647 1865 729 1909 νῦν
763 1861 914 1926 φασὶν
941 1858 1082 1908 αὐτὸν
1117 1857 1257 1925 ἔχειν)
1287 1857 1464 1907 τούτων
1489 1857 1575 1920 μὲν
1600 1859 1763 1908 ἐπιθυ·

252 1951 353 2010 μεῖν
387 1948 462 1996 καὶ
497 1944 610 2010 ὑπὲρ
646 1949 729 1994 τοῦ
771 1949 919 1994 ταῦτα
952 1947 1119 2003 λαβεῖν
1157 1944 1232 1992 καὶ
1270 1941 1441 1995 πόνους
1479 1944 1554 1992 καὶ
1589 1945 1760 2009 χειμῶ-
1780 1968 1819 1989 ²0

193 2053 240 2093 19
256 2054 335 2084 νας
362 2033 437 2080 καὶ
463 2028 570 2082 τοὺς
601 2028 831 2096 ἐσχάτους
858 2026 1096 2080 κινδύνους
1123 2026 1380 2088 ὑπομένειν,
1407 2030 1502 2075 τῶν
1527 2028 1568 2076 δ’
1595 2024 1610 2051 f
1622 2026 1769 2090 Ἀθη-

255 2114 396 2164 ναίων
415 2112 618 2176 λιμένων
645 2121 663 2148 g
677 2114 752 2162 καὶ
779 2111 979 2176 νεωρίων
1000 2113 1075 2160 καὶ
1101 2108 1122 2143 h
1140 2108 1342 2175 τριήρων
1368 2107 1377 2134 i
1398 2110 1474 2159 καὶ
1499 2112 1594 2159 τῶν
1620 2108 1770 2174 ε”ργων

310 2276 329 2302 q
349 2269 440 2315 ἔστ’]
466 2270 612 2303 Praestat
633 2270 742 2309 ἔσται,
762 2269 857 2314 quod
876 2268 1004 2313 legitur
1024 2280 1058 2313 p.
1087 2278 1170 2307 100,
1197 2277 1228 2301 1.
1251 2267 1311 2301 ubi
1329 2265 1402 2300 ἔστ’
1426 2266 1462 2300 S.
1548 2271 1563 2290 ¹·
1582 2265 1765 2313 ἀνθρώπῳ]
1866 2275 1869 2292 ¹

255 2322 441 2370 τάνθρώπῳ
464 2323 498 2356 S.
625 2327 639 2346 S
660 2321 788 2368 ἔχοντ’]
813 2322 872 2355 τὸν
892 2320 1001 2365 ἔχοντ’
1023 2320 1230 2354 F.Y.O.u.v.
1355 2318 1370 2344 t
1390 2320 1507 2363 ἷίρχειν
1524 2319 1765 2365 βουλομένοις]

256 2375 403 2421 ι’ίρχουσι
423 2376 646 2419 βουλομένοις
665 2375 754 2408 F.Y.
865 2379 885 2398 u
906 2373 1049 2419 πάντας]
1074 2375 1200 2408 πάντας
1219 2374 1298 2408 τοὺς
1316 2373 1350 2407 S.
1463 2377 1478 2392 ’ἵ
1500 2371 1608 2417 ὑμῶν]
1634 2372 1712 2415 ὑμῖν
1732 2372 1768 2407 S.

255 2444 346 2506 ὑμῶν
367 2462 406 2495 F.
553 2467 571 2494 δ’
591 2463 692 2495 τοῦτο
713 2460 779 2506 δεῖ]
803 2459 926 2493 τούτου
947 2460 998 2494 δεῖ
1014 2460 1115 2505 χάριν
1134 2459 1298 2494 Y.O.u.v.
1320 2465 1355 2493 et
1373 2473 1428 2504 γρ.
1451 2458 1489 2492 F.
1637 2464 1654 2482 Ζ
1675 2459 1771 2492 ἐστὶν

255 2557 363 2603 ὑμῶν]
388 2558 478 2602 ὑμῶν
499 2557 593 2591 ἐστὶν
615 2558 651 2591 S.
682 2557 777 2590 ἐστὶν
797 2556 889 2599 ἡμῶν
908 2556 949 2589 Y.
982 2555 1078 2589 ἐστὶν
1098 2523 1189 2599 Ξμῶν
1210 2555 1249 2589 F.
1397 2560 1416 2579 a
1435 2554 1541 2589 οὐδεὶς
1561 2566 1630 2588 om.
1652 2566 1704 2600 pr.
1724 2554 1767 2588 Y.

254 2607 273 2635 b
293 2610 333 2644 ἂν
353 2623 422 2645 om.
447 2610 481 2644 S.
568 2615 583 2634 c
606 2610 816 2656 Δρογγίλον]
841 2610 1059 2654 δρογγυλλον
1080 2609 1114 2643 S.
1145 2609 1205 2654 qui
1224 2621 1244 2642 a
1264 2621 1310 2642 m.
1331 2620 1399 2643 rec.
1421 2605 1632 2653 δρογγίλλον
1650 2608 1767 2642 habet.

253 2662 427 2752 {aega
445 2707 487 2740 Y.
519 2704 693 2752 δροιτίλον
711 2721 765 2752 γρ.
788 2707 826 2740 F.
939 2701 958 2730 d
983 2703 1159 2750 Καβύλην]
1185 2703 1333 2748 καβύδην
1356 2704 1391 2739 S.
1514 2708 1530 2728 e
1551 2702 1764 2749 Μάστειραν]

1200 2763 1258 2779 ⁷15!

255 2794 337 2828 Vid.
360 2794 403 2827 ad
422 2805 458 2838 p.
481 2803 565 2834 100,
589 2804 648 2828 22.
759 2789 775 2817 f
790 2791 974 2835 Ἀθηναίων
993 2792 1074 2826 A.S.
1106 2791 1270 2834 ἀθηναίων
1291 2792 1330 2825 F.
1374 2790 1572 2837 Legebatur
1590 2788 1767 2832 Ἀθήνῃσι.

255 2846 336 2880 Yid.
356 2847 399 2879 ad
420 2858 453 2890 p.
473 2857 560 2886 100,
587 2845 646 2881 26.
758 2851 779 2879 g
799 2846 852 2879 καὶ
872 2843 1016 2890 νεωρίων
1035 2851 1116 2891 post
1136 2846 1188 2878 κιιὶ
1207 2844 1352 2890 τριήρων
1370 2844 1471 2889 ponit
1491 2843 1536 2879 Y.
1639 2840 1654 2861 ¹¹
1674 2841 1768 2888 τριή-

255 2913 322 2943 ρων
343 2898 425 2932 Ο.ιι.
447 2906 481 2932 et
502 2905 677 2933 correctus
699 2899 734 2932 S.
760 2904 795 2933 et
814 2911 866 2944 pr.
890 2899 928 2931 F.
959 2901 1104 2943 τριηρῶν
1122 2898 1240 2943 vulga
1398 2894 1407 2921 5
1438 2897 1490 2930 καὶ
1518 2900 1584 2930 τῶν
1608 2897 1770 2941 ἔργων-

256 2952 436 2995 προσόδων
456 2952 490 2984 in
509 2964 617 2996 marg.
638 2964 706 2985 rec.
727 2952 833 2985 habet
855 2952 890 2985 S.
