1903 3271
266 177 352 222 392
801 179 1228 219 ΔΗΜΟΣΘΕΝΟΎΣ
1369 176 1452 215 On.
1475 174 1612 215 XIX.
1635 189 1676 229 p.
1692 184 1792 227 373,
1811 189 1847 214 ιε
1878 140 1885 165 7

1470 286 1653 337 ᾱαὺτῶν
1679 286 1782 337 οὐδὲ

269 380 369 429 ταῖς
419 376 634 444 γυναιξὶν
684 373 788 426 οὐδὲ
839 380 935 428 τοῖς
986 375 1168 435 ἄλλοις,
1219 372 1294 423 διὰ
1344 371 1429 436 τὴν
1479 371 1784 435 Εάβελτερίαν

269 458 356 522 τὴν
393 458 519 522 ἐμὴν,
555 460 630 509 ἵνα
667 458 732 521 μὴ
771 457 856 521 τὴν
888 457 1056 507 τούτου
1086 456 1226 521 λέγω,
1257 461 1447 506 τοιαῦτα
1484 453 1779 504 πεπονθέναι·

182 552 257 592 116
271 548 459 594 πολλοῦ
497 565 551 607 γε
590 543 665 592 καὶ
704 544 784 591 δεῖ.
827 543 938 590 ἀλλ’
967 539 1091 603 ὅμως
1131 541 1254 602 ὑμεῖς
1289 539 1426 605 ἄφετ’
1458 535 1685 603 ῘΑἶσχίνῃ
1724 535 1835 589 τάι5
1896 550 1897 553 ’

268 296 364 344 τοῖς
390 291 673 342 ἀπολωλόσι
700 292 967 359 συμμάχοις
1005 289 1109 341 οὐδὲ
1145 294 1242 343 τοῖς
1278 291 1445 340 παισὶν

272 626 398 676 δεινὰ
446 631 593 675 ταῦτα
645 627 720 675 καὶ
771 622 1151 690 ὑπερβάλλοντα,
1199 620 1256 672 ἂν
1301 624 1358 671 δι’
1402 619 1609 684 εὐήθειαν
1653 618 1682 683 ὴ
1727 620 1780 669 δι’

271 710 462 773 ἱζὸίλλην
488 709 681 773 ἄγνοιαν
708 708 919 771 ἡντινοῦν
951 704 1310 769 λελυμασμένος
1349 708 1493 772 φανῇ.
1537 703 1594 753 ἂν
1629 703 1786 766 μέντοι

273 793 349 844 διὰ
386 794 616 858 πονηρίαν
652 791 873 858 ἀργύριον
918 789 1084 850 λαβὼν
1119 792 1194 839 καὶ
1233 792 1372 855 δῶρα,
1414 790 1488 838 καὶ
1524 790 1644 837 τοῦτ’
1681 786 1787 854 ¹¹6}-

274 880 479 943 ελεγχθῇ
517 880 688 945 σαφῶς
732 877 810 926 ὑπ’
843 876 995 924 αὐτῶν
1035 878 1128 924 τῶν
1174 872 1529 938 πεπραγμένων,
1573 870 1788 933 μάλιστα
1804 891 1842 912 20
1871 868 1881 941 ⁷-

273 960 372 1024 μὲν,
411 964 448 1011 εἰ
486 959 583 1011 οἶόν
620 983 682 1021 τε,
717 960 1033 1020 ἀποκτείνατε,
1067 962 1103 1009 εἰ
1142 957 1190 1008 δὲ
1223 957 1301 1021 μὴ,
1338 957 1488 1023 ζῶντα
1521 961 1617 1010 τοῖς
1651 954 1785 1006 ἰλοι-

274 1050 379 1098 ποῖς
417 1044 715 1110 παράδειγμα
753 1042 997 1107 ποιήσατε.
1043 1046 1262 1092 σκοπεῖτε
1301 1040 1357 1104 δὴ
1391 1038 1505 1090 Ῐτὸν
1533 1039 1646 1105 ὑπὲρ
1677 1037 1786 1090 τού-

276 1152 371 1180 των
396 1128 608 1195 ἕλεγχον,
637 1130 698 1181 ὡς
726 1128 900 1181 δίκαιος
925 1127 1073 1189 ἕσται,
1099 1130 1201 1189 μεθ’
1230 1127 1373 1188 ὑμῶν.

185 1218 261 1260 ’ῙῙ7
351 1212 563 1278 Ἀνάγκη
590 1211 646 1275 δή
679 1235 771 1263 που
809 1211 916 1265 τοὺς
955 1209 1128 1275 λόγους
1167 1208 1382 1262 ιςτούτους
1410 1209 1643 1275 Αἰσχίνην
1675 1206 1793 1274 πρὸς

279 1298 397 1360 ὑμᾶς
436 1300 576 1346 εἰπεῖν
615 1294 830 1356 Ῑτουτονῖ,
872 1292 980 1347 τοὺς
1020 1295 1126 1359 περὶ
1165 1297 1260 1343 τῶν
1301 1292 1504 1342 Φωκέων
1544 1293 1619 1342 καὶ
1661 1295 1792 1341 mrcssv
1807 1310 1844 1341 ²5
1881 1327 1883 1332 «

279 1380 558 1432 ῐ’Θεσπιέων
596 1382 672 1431 καὶ
712 1382 794 1443 τῆς
837 1378 1055 1440 Εὐβοίας,
1094 1377 1220 1444 ε’ίπερ
1260 1376 1325 1441 μὴ
1366 1375 1612 1443 πεπρακὼς
1653 1375 1795 1426 αὑτὸν

280 1463 432 1515 Οὲκὼν
470 1462 696 1532 ἐξηπάτα,
738 1466 864 1513 δυοῖν
911 1460 1119 1527 θάτερον,
1164 1460 1193 1525 ὴ
1235 1459 1487 1527 διαρρήδην
1528 1459 1798 1510 ἀκούσαντα

281 1548 642 1616 Ρὺποσχομένου
675 1548 919 1597 Φιλίππου
959 1545 1029 1596 ὅτι
1062 1544 1260 1613 Ἷπράξει
1296 1550 1444 1595 ταῦτα
1483 1546 1557 1594 καὶ
1597 1542 1799 1607 ποιήσει,

282 1631 311 1696 ἢ
354 1631 479 1695 εἰμὴ
522 1637 674 1693 τοῦτο,
720 1630 1030 1696 γοητευθέντα
1080 1631 1155 1679 καὶ
1198 1628 1543 1697 φενακισθέντα
1588 1631 1645 1694 τῇ
1695 1629 1800 1693 περὶ

282 1717 444 1767 τᾶλλα
496 1715 832 1784 φιλανθρωπίᾳ
883 1716 958 1764 καὶ
1008 1714 1134 1764 ταῦτ’
1175 1713 1441 1763 ἐλπίσαντα
1482 1713 1590 1777 παρ’
1639 1711 1794 1761 αὐτοῦ.
1813 1729 1886 1773 374

192 1811 270 1851 118
286 1803 368 1852 οὐκ
407 1801 560 1852 ε”νεστι
599 1799 777 1850 τούτων
804 1797 907 1849 οὐδὲ
933 1796 1010 1848 Γὲν
1036 1798 1193 1864 χωρίς.
1236 1798 1285 1846 ἐκ
1321 1797 1475 1846 τοίνυν
1502 1794 1679 1846 τούτων
1705 1796 1796 1857 ἀμ-

285 1885 499 1955 φοτέρων
526 1884 767 1948 8μάλιστα
792 1882 982 1934 πάντων
1007 1881 1269 1947 ἀνθρώπων
1295 1882 1473 1943 ἴμισεῖν
1500 1881 1625 1949 αὐτῷ
1649 1902 1804 1945 προσ-

285 1969 385 2034 ήκει
424 1969 685 2020 Φίλιππον.
729 1966 805 2018 διὰ
839 1967 916 2028 τίς
963 1966 1032 2016 ὅτι
1070 1965 1124 2016 τὸ
1165 1965 1249 2029 μὲν
1284 1966 1456 2016 ἐκείνου
1490 1964 1628 2030 μέρος
1665 1962 1832 2015 πάντ’5

287 2056 412 2124 αὐτῷ
453 2054 615 2119 γε’γονε
655 2052 714 2103 τὰ
753 2050 995 2102 δεινότατα
1035 2052 1110 2102 καὶ
1151 2049 1210 2101 τὰ
1248 2050 1492 2117 αἴσχιστα.
1534 2050 1651 2112 ὑμᾶς
1690 2048 1802 2117 ἐξη-

287 2138 508 2202 πάτηκεν,
561 2136 733 2204 ἀδοξεῖ,
783 2137 995 2189 Πδίκαιος·
1059 2144 1075 2162 x
1096 2134 1397 2186 ἀπολωλέναι
1455 2133 1705 2198 Υκρίνεται.
1770 2131 1813 2183 εἴ

290 2221 382 2287 Ζγε’
409 2245 454 2272 τι
485 2226 580 2271 τῶν
616 2221 958 2287 προσηκόντων
993 2220 1215 2285 ἐγίγνετο,
1250 2220 1299 2268 ἐν
1337 2218 1616 2285 εἰσαγγελίᾳ
1656 2215 1809 2267 πάλαι

346 2415 366 2444 ‘1
394 2420 504 2453 αὐτῶν
524 2431 593 2453 om.
615 2418 805 2454 F.O.t.u.v.
834 2418 869 2451 in
889 2431 946 2463 γρ.
975 2417 1080 2450 habet
1100 2416 1144 2454 Q.
1302 2419 1318 2438 e
1338 2413 1540 2459 ἀβελτερίαν
1558 2413 1644 2448 A.S.
1667 2413 1808 2458 aliique.

291 2473 495 2518 ἇβελτηρίαν
514 2473 633 2518 vulgo.
743 2468 759 2495 f
775 2470 940 2516 Αἰσχίνῃ]
967 2470 1124 2514 ιιῖσχίνην
1154 2468 1241 2507 ΡΗΩ
1353 2473 1373 2500 g
1393 2467 1521 2514 ἶίλλην]
1544 2466 1654 2510 ἄλλην
1673 2467 1748 2500 τινὰ
1766 2467 1810 2501 A.

291 2527 361 2561 k.S.
437 2523 458 2551 h
479 2524 685 2572 ἐξελεγχθῇ]
710 2524 859 2570 ἐλεγχθῆ
879 2524 955 2558 A.S.
1031 2521 1040 2547 i
1060 2521 1211 2567 λοιποῖς]
1235 2521 1381 2556 πολλοῖς
1400 2519 1643 2559 F.Q.O.t.u.V.
1719 2516 1731 2553 j
1752 2520 1812 2553 τὸν

293 2580 378 2626 ὑπὲρ
398 2578 527 2614 τούτων
545 2581 694 2624 ἔλεγχον
716 2578 751 2612 S.
780 2579 839 2611 τὸν
858 2578 1005 2622 ἔλεγχον
1023 2577 1083 2610 τὸν
1103 2576 1187 2621 ὑπὲρ
1206 2573 1336 2608 τούτων
1355 2574 1475 2620 vulgo.
1631 2570 1651 2598 k
1672 2571 1812 2608 τούτους

293 2646 365 2668 om.
387 2646 440 2679 pr.
463 2646 495 2667 v.
618 2629 628 2657 Ῑ
648 2632 783 2666 τουτονὶ
802 2637 883 2676 post
903 2631 1069 2674 Αἰσχίνην
1089 2628 1478 2667 A.F.Q.O.k.r.s.t.u.V.
1602 2632 1632 2651 m
1651 2629 1718 2661 τῶν
1737 2637 1809 2660 om.

295 2686 417 2726 F...Qr
529 2692 548 2710 Π
570 2684 765 2730 Θεσπιέων]
790 2684 984 2719 θεσπεσίων
1003 2696 1039 2717 u.
1152 2688 1170 2706 0
1194 2683 1277 2716 ἑκὼν
1297 2693 1367 2715 om.
1390 2693 1418 2715 S.
1532 2684 1548 2707 5¹
1569 2679 1811 2724 ὑποσχομένου

295 2739 485 2785 Φιλίππου]
511 2738 763 2784 ὑποσχομένοις
781 2737 954 2783 φίλιππον
973 2743 998 2771 t.
1111 2744 1128 2771 (Ι
1150 2735 1269 2780 πράξει
1291 2733 1413 2779 Tafra]
1436 2735 1540 2767 ταῦτα
1560 2733 1681 2778 πράξει
1700 2733 1811 2767 A.k.s.

297 2801 311 2820 Γ
341 2792 376 2827 ἓν
395 2791 511 2839 χωρίς.
541 2793 576 2826 ἐκ
596 2791 726 2837 τοίνυν]
759 2790 804 2825 ἔν.
831 2791 936 2837 χωρὶς
964 2790 1076 2824 τοίνυν
1097 2789 1140 2828 Q.
1298 2793 1312 2812 S
1341 2787 1511 2832 μάλιστα]
1536 2787 1589 2820 καὶ
1607 2787 1759 2831 μάλιστα
1777 2787 1814 2820 k.

296 2846 311 2871 t
330 2848 445 2891 μισεῖν
464 2847 554 2893 αὐτῷ
572 2851 653 2880 ante
672 2846 809 2879 πάντων
827 2857 854 2879 r.
957 2849 979 2868 ¹1
998 2843 1123 2878 δίκαιος
1143 2842 1305 2876 ῨῩΟΙῘΞΠΞ.
1336 2840 1536 2886 Legebatur
1556 2837 1700 2880 δικαίως,
1721 2839 1816 2885 quod

298 2912 378 2934 cum
397 2899 514 2944 ἀδοξεῖ
533 2899 716 2944 conjungit
735 2899 777 2933 A.
811 2897 916 2933 Conf.
939 2910 972 2943 p.
996 2905 1086 2943 374‚
1111 2907 1171 2942 27.
1303 2900 1321 2919 Χ
1342 2893 1573 2939 ἀπολωλέναι]
1598 2893 1758 2927 ἀπόλωλε
1780 2893 1816 2927 S.

300 2958 335 2987 et
363 2968 418 2999 γρ.
449 2953 494 2993 Q.
648 2959 665 2985 ἵ
692 2950 855 2998 κρίνεται]
885 2951 1030 2996 κρίνεται
1059 2951 1111 2984 καὶ
1142 2948 1574 2987 A.F.Y.Q.O.k.r.s.t.u.V.
1717 2953 1733 2972 Ζ
1756 2944 1815 2992 γε’]

299 3006 337 3039 δέ
355 3017 383 3040 r.
