1903 3271
255 161 338 199 422
788 164 1216 204 ΔΗΜΟΣΘΕΝΟὙΣ
1383 164 1465 203 OR.
1484 163 1625 203 XIX.
1646 179 1687 220 p.
1701 177 1800 217 400,
1817 183 1833 212 7

254 279 281 300 ‘⁶
306 272 579 335 μοσθένους,
620 272 669 326 ὃς
705 278 799 324 τῶν
833 275 1183 340 συμπρέσβεων
1221 280 1473 341 κατηγορεῖ
1491 277 1533 337 ;”
1576 275 1632 339 νὴ
1669 279 1768 340 Δί’,

252 355 340 406 εἴτε
378 355 620 420 βούλομαί
652 358 695 421 γ’
731 358 819 407 εἴτε
857 357 936 420 μὴ,
964 359 1071 422 παρ’
1110 357 1227 421 ὅλην
1257 357 1341 419 μὲν
1379 357 1464 421 τὴν
1505 361 1771 423 ἀποδημίαν

253 437 342 489 ὑπὸ
380 445 471 490 σοῦ
510 446 700 490 τοιαῦτα
739 441 1202 502 ἐπιβεβουλευμένος,
1239 444 1402 491 ἱίιδυοῖν
1441 444 1482 490 δ’
1516 440 1770 508 ῡαὶρέσεως

252 523 396 584 οὔσης
417 545 495 584 μοι
519 526 630 584 νυνὶ,
655 547 682 587 η
703 523 959 574 τοιούτων
958 523 1122 573 ὅντων
1142 528 1235 573 τῶν
1255 547 1598 589 πεπραγμενων
1619 529 1821 576 δοκεῖνιο

160 625 240 665 209
254 611 484 655 κοινωνεῖν
525 608 642 667 ὑμῖν,
676 605 704 669 ὴ
745 611 1032 672 κατηγορεῖν.
1072 606 1165 670 ἐγὼ
1204 608 1240 656 δ’
1283 605 1414 657 (ἰούδὲ
1453 630 1764 673 συμπεπρεσ-

251 689 463 748 βευκεναι
502 690 629 756 φημί
657 712 751 750 σοι,
786 689 1066 755 πρεσβεύειν
1101 712 1258 751 μεντοι
1291 713 1347 740 σε
1382 689 1465 753 μὲν
1500 690 1664 742 πολλα
1696 714 1772 742 και

252 771 393 833 δεινὰ,
421 771 621 834 ἐμαυτὸν
655 773 692 822 δ’
723 772 836 837 ὑπὲρ
875 783 889 799 ⁰
903 776 1095 823 τουτωνὶ
1133 773 1192 822 τὰ
1227 773 1476 834 βέλτιστα.
1520 775 1650 825 ἀλλὰ
1678 779 1766 826 Φι-

252 853 488 919 λοκράτης
532 853 639 904 ἶσοι
681 855 1120 920 συμπεπρέσβευκε,
1161 857 1354 925 κάκείνῳ
1395 857 1473 919 σὺ,
1513 859 1589 907 καὶ
1636 859 1764 923 Φρύ-
1783 881 1819 913 15

252 957 360 986 νων·
413 939 536 999 ὑμεῖς
588 937 680 1002 γὰρ
731 943 897 988 ἑ“’ταῦτ’
949 939 1212 1002 ἐπράττετε,
1264 942 1338 990 καὶ
1389 947 1537 991 ταῦτα
1587 940 1772 992 ὴπᾶσιν

252 1022 358 1083 ὑμῖν
396 1020 611 1086 ἤρεσκεν.
654 1027 746 1071 ποῦ
786 1022 823 1069 δ’
853 1021 999 1082 ἅλες;
1044 1028 1135 1072 ποῦ
1177 1022 1446 1087 ιτράπεζα,
1490 1031 1583 1075 ποῦ
1609 1047 1763 1075 σπον-

251 1105 330 1153 δαί
347 1126 359 1165 ;
416 1110 563 1154 ταῦτα
605 1103 697 1169 γὰρ
748 1107 982 1172 τραγῳδεῖ
1027 1103 1230 1169 περιιὼν,
1272 1102 1436 1171 ὥσπερ
1482 1105 1621 1173 Κούχὶ
1665 1107 1772 1161 τοὺς

251 1189 523 1240 ἀδικοῦντας
561 1188 739 1237 τούτων
778 1187 915 1240 ὄντας
953 1187 1203 1252 προδότας,
1230 1188 1361 1238 ἀλλὰ
1388 1188 1495 1242 τοὺς
1531 1188 1590 1239 τὰ
1617 1191 1772 1240 δίκαια

160 1277 516 1324 αΙοποιοῦντας.
560 1270 652 1335 ἐγὼ
695 1272 732 1320 δ’
775 1269 856 1321 οἶδ’
899 1271 969 1320 ὅτι
1005 1271 1175 1324 πάντες
1211 1276 1254 1321 οὶ
1292 1271 1539 1337 πρυτάνεις
1578 1271 1823 1323 θύουσινκο

251 1353 477 1405 ἑκάστοτε
504 1359 633 1421 κοινῇ
670 1357 744 1403 καὶ
772 1357 1134 1404 συνδειπνοῦσιν
1162 1354 1397 1417 ἀλλήλοις
1435 1357 1509 1405 καὶ
1538 1353 1766 1406 ¹o·vo·7rev-

736 1437 811 1462 xm

250 1441 431 1488 δουσιν·
475 1440 550 1487 καὶ
590 1439 642 1487 οὐ
679 1440 754 1487 δια
828 1442 961 1487 ταῦθ’
990 1439 1259 1503 οἱχρηστοὶ
1292 1437 1400 1490 τοὺς
1424 1460 1656 1502 πονηρους
1690 1460 1767 1501 μι-

249 1528 457 1584 μοῦνται,
500 1523 610 1571 ἀλλ’
663 1520 742 1570 ἐὰν
795 1523 1044 1570 ἀδικοῦντα
1095 1521 1292 1581 λάβωσί
1339 1544 1443 1572 τινα
1494 1524 1661 1583 αὐτῶν,
1713 1525 1772 1588 τῇ

251 1610 406 1672 βουλῇ
443 1608 518 1655 καὶ
555 1609 622 1673 τῷ
657 1605 788 1674 δήμῳ
825 1607 1070 1668 δηλοῦσιν.
1117 1606 1170 1667 ηὴ
1206 1618 1226 1637 0
1245 1604 1398 1668 βουλὴ
1428 1605 1575 1655 ταύτὰ
1609 1611 1770 1668 ταῦτα,

251 1689 481 1753 εἱσιτήρια
519 1689 672 1750 ἔθυσε,
713 1690 1062 1751 Ι’συνειστιοὶθη,
1101 1692 1338 1748 σπονδῶν,
1380 1693 1512 1753 ιερῶν
1554 1688 1820 1743 Ἷέκοινώ-Ζε

252 1793 408 1836 νησεν·
453 1778 495 1822 οὶ
532 1774 806 1837 στρατηγοὶ,
847 1771 1022 1838 σχεδὸν
1062 1775 1123 1824 ὡς
1161 1776 1304 1822 εἰπεῖν
1345 1775 1391 1821 αὶ
1427 1775 1567 1838 ἀρχαὶ
1603 1776 1772 1823 πᾶσαι.

251 1856 320 1923 ἆρ’
350 1858 431 1906 οὖν
458 1857 533 1906 διὰ
559 1862 707 1906 ταῦτα
746 1861 840 1908 τοῖς
876 1858 1118 1906 ἀδικοῦσιν
1154 1858 1330 1905 ἑαυτῶν
1365 1855 1542 1905 ἔδωκαν
1575 1857 1766 1917 ἄδειαν,

156 1945 438 1994 αιιπολλοῦ
479 1962 532 2004 γε
576 1942 650 1990 καὶ
690 1942 772 1989 δεῖ.
829 1938 962 1988 Λέων
1007 1936 1280 2002 Τιμαγόρου
1326 1936 1606 2002 Γκατηγόρει
1647 1959 1771 1998 συμ-

245 2023 611 2090 πεπρεσβευκὼς
670 2024 869 2088 τέτταρα
932 2023 1024 2086 ἔτη,
1081 2023 1328 2081 Εὔβουλος
1383 2022 1634 2087 Θάρρηκος
1691 2022 1768 2071 καὶ
1781 2045 1860 2085 401

249 2115 263 2133 ⁵
282 2107 520 2171 Σμικύθου
569 2105 982 2168 ἵσυσσεσιτηκὼς,
1037 2104 1205 2155 Κόνων
1257 2107 1281 2155 ὁ
1335 2104 1539 2157 παλαιὸς
1603 2106 1772 2157 ἐκεῖνος

250 2191 592 2253 “Ἀδειμοῖντου
636 2190 1059 2255 συστρατηγήσας.
1107 2188 1330 2254 Χπότεροι
1376 2189 1457 2238 οὖν
1498 2187 1605 2241 τοὺς
1648 2186 1771 2240 ἅλας

306 2359 324 2379 a
344 2353 453 2399 δυοῖν]
479 2355 569 2387 δυεῖν
590 2353 631 2386 Β.
654 2360 688 2387 et
709 2365 800 2386 unus
820 2353 976 2397 alterque
998 2352 1107 2386 codex
1130 2352 1294 2385 Bekkeri.
1424 2347 1444 2375 b
1464 2351 1624 2396 αἱρέσεως
1643 2351 1765 2398 οὔσης]

368 2413 405 2428 ω·
522 2413 543 2433 ,ς

252 2422 414 2484 αἱρέσεων
434 2442 547 2474 οὐσῶν
568 2441 606 2474 F.
638 2441 801 2483 αἱρέσεων
821 2440 935 2473 οὐσῶν
954 2438 1228 2477 A.Q.O.r.s.t.u.
1252 2444 1287 2473 et
1306 2453 1360 2484 γρ.
1385 2438 1421 2472 S.
1535 2443 1551 2463 ⁰
1571 2437 1678 2472 ὅντων
1697 2450 1767 2473 om.

252 2500 276 2527 t.
299 2500 333 2527 et
353 2506 404 2538 pr.
426 2506 456 2527 v.
583 2490 601 2517 (l
623 2492 718 2538 οὐδὲ]
741 2493 780 2525 οὐ
800 2505 831 2526 v.
959 2499 971 2511 ⁹
992 2492 1149 2537 τουτωνὶ]
1174 2491 1301 2525 τούτων
1320 2491 1552 2525 A.S.Y.k.r.s.
1681 2488 1697 2516 f
1713 2505 1772 2525 σοι

252 2559 321 2580 om.
343 2546 386 2580 O.
525 2552 545 2579 g
576 2546 857 2591 ταῦτα-ταῦτα]
883 2546 1149 2578 ταυτὰ--ταυτὰ
1169 2546 1213 2583 Q.
1354 2544 1368 2564 '¹
1398 2546 1506 2578 πᾶσιν
1527 2545 1609 2579 S.Y.
1642 2543 1772 2578 ἅπασιν

251 2600 368 2645 vulgo.
494 2596 503 2623 i
527 2600 675 2644 τράπεζα
697 2599 777 2632 SX.
808 2600 968 2643 τράπεζαι
987 2599 1105 2644 vulgo.
1236 2595 1255 2622 k
1276 2598 1353 2642 οὐχὶ
1372 2610 1441 2631 om.
1463 2610 1514 2643 pr.
1535 2610 1563 2631 r.
1593 2598 1633 2632 οὐ
1653 2608 1721 2631 rec.
1741 2609 1769 2632 r.

251 2649 261 2676 Ῑ
283 2652 538 2697 συσπένδουσι]
563 2650 801 2686 συσπεύδουσι
823 2651 896 2686 O.r.
1030 2657 1060 2676 Π]
1081 2650 1194 2696 ταῦθ’]
1219 2650 1312 2685 τοῦθ’
1333 2651 1387 2685 vel
1406 2653 1508 2684 τοῦτο
1529 2649 1769 2690 F.Q.O.t.u.V.

253 2711 272 2729 Π
293 2705 329 2750 ἡ]
355 2706 407 2739 καὶ
427 2705 445 2748 ἡ
467 2705 758 2744 F.Y.Q.O.t.u.v.
871 2710 889 2729 ⁰
908 2704 1037 2750 βουλὴ]
1059 2705 1169 2748 βουλὴ
1190 2705 1225 2738 δέ
1246 2705 1280 2737 k.
1373 2712 1390 2739 Ρ
1411 2704 1648 2749 συνειστιάθη]
1673 2717 1769 2736 συνι-

252 2759 374 2801 στιάθη
397 2760 432 2793 S.
463 2759 671 2801 συνεστιάθη
690 2770 718 2792 r.
789 2764 808 2790 <1
829 2757 1066 2802 ἐκοινώνησεν]
1090 2757 1316 2800 ἐκοινώνησαν
1333 2756 1569 2795 S.Y.Q.t.u.v.
1638 2762 1654 2781 Γ
1672 2770 1770 2799 κατη-

250 2845 362 2890 γόρει]
388 2846 567 2889 κατηγορεῖ
585 2844 743 2879 Y.O.t.u.
867 2853 879 2867 ς
901 2843 1084 2890 Σμικύθου]
1109 2816 1266 2878 σιβόῖεύθου
1287 2844 1322 2878 S.
1453 2845 1464 2869 ἲ
1485 2841 1764 2888 συσσεσιτηκὼς]

252 2898 508 2932 συσσεσιτικὼς
530 2898 567 2931 F.
664 2904 684 2922 Π
704 2897 942 2943 Ἀδειμάντου]
967 2897 1156 2940 ἀδημάντου
1178 2897 1212 2930 S.
1243 2897 1426 2939 ἀδιμάντου
1444 2898 1485 2930 A.
1571 2902 1591 2921 x
1609 2895 1765 2941 πότεροι]

250 2951 395 2994 πότερον
416 2951 518 2983 A.r.s.
