1903 3271
50 189 208 228 -440‚
226 194 257 220 9.
562 182 685 218 ΠΕΡΙ
719 182 830 218 ΤΗΣ
863 182 1325 219 ΠΑΡΑΠΡΕΣΒΕΙΑΣ.
1614 175 1697 217 465

176 288 410 352 διάκειται,
461 289 522 353 ei)
585 296 778 341 τοιαῦτα
839 290 968 354 πάθη
1030 295 1225 358 περιορᾷ
1272 289 1542 355 γιγνόμενα.
1610 292 1686 340 καὶ

174 368 532 432 Ῑσυνεβούλευεν
570 373 676 435 ὑμῖν
713 372 913 435 πέμπειν
950 370 1078 425 τινὰς
1118 376 1180 425 εἷς
1216 373 1485 437 Ἀρκαδίαν,
1523 372 1686 425 οἵτινες

172 466 197 501 g
212 453 596 520 κατηγορήσουσι
628 460 722 506 τῶν
748 454 843 505 11τοὶ
869 454 1112 506 Φιλίππου
1141 454 1461 520 πραττόντων·
1503 454 1684 505 ἀκούειν

172 536 265 602 γὰρ
299 538 391 605 ἔφη
417 542 511 588 τῶν
532 539 691 606 φίλων
717 539 779 591 ὡς
816 537 896 588 ἐὰν
922 536 1219 604 ἐπιστροφὴν
1244 537 1271 599 ἡ
1298 535 1438 589 πόλις
1473 535 1679 600 ποιήση-
1699 554 1735 586 15

171 642 247 670 ται
309 622 384 670 καὶ
447 619 698 686 ίπρέσβεις
759 622 943 689 πέμψῃ,
1007 620 1139 684 δίκην
1204 622 1362 671 ἐκεῖνοι
1426 620 1679 671 δώσουσιν.

73 725 97 767 3
102 709 318 767 5οταῦτα
357 703 442 767 μὲν
482 705 637 755 τοίνυν
679 704 785 756 τότε
835 707 909 755 καὶ
954 703 1098 768 μάλα,
1144 702 1181 754 ὦ
1226 704 1390 769 ἄνδρες
1428 705 1684 768 Ἀθηναῖοι,

169 786 295 837 καλὰ
338 790 414 838 καὶ
458 790 540 851 τῆς
579 787 764 841 πόλεως
809 788 920 857 ἄξια
963 787 1249 853 ἐδημηγόρει.
1289 787 1444 851 ἐπειδὴ
1484 787 1532 838 δὲ
1572 789 1683 857 ἀφί-

168 891 273 920 κετο
308 874 371 924 εἷς
411 872 711 921 Μακεδονίαν
748 873 824 921 καὶ
860 870 944 921 τὸν
978 869 1148 938 ἐχθρὸν
1178 869 1289 920 Ῑεῖδε
1320 869 1403 921 τὸν
1428 872 1570 921 αὑτοῦ
1606 874 1682 921 καὶ

165 957 259 1003 τῶν
302 952 569 1017 Ἑλλήνων,
613 953 696 1004 τὸν
741 955 997 1016 Φίλιππον,
1044 952 1135 1019 ἆρά
1176 976 1228 1018 γε
1276 954 1413 1016 ὅμοια
1457 952 1486 1018 ἢ
1530 971 1736 1019 παρα-20

165 1035 354 1100 πλήσια
396 1036 607 1098 τούτοις;
650 1043 838 1088 πολλοῦ
888 1036 970 1102 1“’γε
1011 1039 1088 1087 καὶ
1133 1039 1212 1098 δεῖ,
1253 1036 1385 1086 ἀλλὰ
1428 1036 1544 1101 μήτε
1588 1041 1683 1087 τῶν

164 1119 413 1185 προγόνων
449 1123 716 1183 μεμνῆσθαι
755 1119 870 1184 μήτε
909 1119 1110 1186 τρόπαια
1150 1118 1325 1184 1λέγειν
1365 1118 1482 1183 μήτε
1523 1125 1676 1184 111βοη-

69 1215 150 1259 351
166 1205 262 1252 θεῖν
293 1204 469 1265 μηδενὶ,
496 1207 590 1252 τῶν
621 1225 671 1253 τε
709 1202 996 1253 κελευόντων
1021 1201 1140 1264 μετὰ
1164 1206 1258 1252 τῶν
1291 1200 1543 1265 Ἑλλήνων
1576 1204 1682 1268 περὶ

164 1288 247 1349 τῆς
272 1286 390 1352 πρὸς
418 1287 661 1337 Φίλιππον
688 1284 867 1352 εἰρήνης
893 1284 1208 1346 βουλεύεσθαι
1235 1283 1495 1350 θαυμάζειν,
1515 1288 1551 1334 εἰ
1578 1288 1682 1351 περὶ

162 1371 256 1418 τῶν
295 1368 526 1435 ὑμετέρων
569 1370 695 1420 ἰδίων
733 1369 889 1419 ἄλλον
929 1368 1033 1419 τινὰ
1070 1371 1140 1418 δεῖ
1170 1370 1437 1430 πεισθῆναι·
1481 1366 1599 1418 εἶναί
1631 1391 1680 1420 τε
1695 1384 1732 1417 25

161 1449 245 1502 τὸν
289 1452 532 1502 Φίλιππον
574 1451 730 1514 αὑτὸν,
771 1451 1043 1516 Ἡράκλεις,
1087 1451 1464 1514 ἑλληνικώτατον
1502 1451 1682 1517 ἀνθρώ-

161 1556 278 1595 πων,
318 1533 582 1585 δεινότατον
619 1535 788 1599 λέγειν,
827 1531 1271 1602 φιλαθηναιότατον·
1314 1534 1435 1583 οὕτω
1481 1533 1529 1584 δὲ
1566 1532 1676 1584 ἀτό-

157 1639 275 1670 πους
318 1616 446 1670 τινὰς
490 1619 540 1667 ἐν
579 1621 637 1683 τῇ
686 1616 825 1668 πόλει
876 1618 952 1667 καὶ
1003 1618 1246 1682 δυσχερεῖς
1296 1616 1571 1681 ἀνθρώπους
1620 1615 1681 1668 εῖ-

159 1722 248 1761 ναι,
299 1698 422 1750 ὥστε
488 1701 571 1750 οὐκ
621 1700 934 1767 αἰσχύνεσθαι
986 1700 1371 1765 λοιδορουμένους
1421 1701 1548 1769 αὐτῷ
1604 1704 1680 1752 καὶ

63 1796 147 1839 352
159 1781 408 1848 βάρβαρον
434 1782 575 1832 αὐτὸν
611 1784 981 1836 ἀποκαλοῦντας.
1026 1782 1156 1832 ἔστιν
1195 1783 1276 1833 οὖν
1314 1782 1477 1836 ηὸπως
1514 1780 1776 1842 οταῦτῖ440

159 1863 232 1927 ἂν,
259 1867 407 1916 ἐκεῖνα
443 1864 741 1931 προειρηκὼς,
769 1866 794 1914 ὁ
822 1864 960 1918 αὐτὸς
983 1863 1101 1929 ἀνὴρ
1132 1863 1199 1927 μὴ
1227 1867 1500 1932 διαφθαρεὶς
1536 1864 1675 1916 ἐτόλ-

158 1971 313 2012 μησεν
332 1951 474 1999 εἰπεῖν
499 1969 512 2010 ;
556 1950 604 1998 τί
619 1948 700 1998 Ρδέ
714 1969 725 2008 ;
759 1948 860 1998 ἔσθ’
880 1947 1015 2000 ὅστις
1037 1945 1095 1997 ἂν
1114 1946 1197 1997 τὸν
1215 1948 1528 2013 Ἀτρεστίδαν
1547 1947 1678 1999 (Ᾰτότε

158 2029 370 2094 μισήσας
410 2030 486 2080 διὰ
527 2030 632 2084 τοὺς
675 2035 800 2081 Υτῶν
840 2031 1110 2081 Ὀλυνθίων
1153 2033 1323 2083 παῖδας
1364 2033 1441 2081 καὶ
1481 2020 1708 2097 5’γύναια5

158 2112 306 2164 ταύτὰ
342 2112 625 2180 Φιλοκράτει
662 2114 775 2164 τνῦν
816 2113 1039 2179 πράττειν
1077 2113 1328 2177 ὑπέμεινεν,
1367 2113 1418 2168 ὃς
1456 2121 1677 2179 γυναῖκας

157 2196 400 2262 ἐλευθέρας
425 2201 520 2247 τῶν
548 2198 817 2247 Ὀλυνθίων
837 2196 987 2262 ἤγαγε
1013 2198 1131 2263 δεῦρ’
1161 2199 1233 2265 ἐφ’
1260 2200 1402 2263 ὕβρει,
1430 2200 1504 2248 καὶ
1531 2198 1677 2252 οὕτως

90 2304 142 2345 53
158 2281 232 2331 ἐπὶ
275 2283 343 2348 τῷ
391 2281 634 2346 βδελυρῶς
678 2280 954 2340 βεβιωκέναι
995 2280 1324 2346 γιγνώσκεται,
1369 2279 1494 2332 ὥστε
1532 2281 1676 2345 μηδὲν

157 2361 267 2426 “ε’μὲ
292 2362 495 2429 αἰσχρὸν
527 2366 670 2414 εἰπεῖν
695 2365 819 2414 γνυνὶ
853 2365 959 2428 περὶ
983 2364 1125 2414 αὐτοῦ
1161 2367 1253 2413 δεῖν
1286 2363 1403 2427 μηδὲ
1438 2363 1674 2431 δυσχερὲς,

212 2518 228 2538 e
248 2512 266 2556 ἢ
287 2512 581 2552 F.S.Y.Q.O.t.v.
611 2513 811 2559 Legebatur
831 2514 871 2548 εἷ.
1025 2511 1040 2539 f
1057 2513 1324 2559 συνεβούλευεν]
1349 2512 1624 2554 συνεβούλευσεν
1643 2526 1672 2548 s.

159 2571 179 2598 3
198 2565 490 2611 κατηγορήσουσι]
514 2566 777 2612 κατηγορήσωσι
796 2572 822 2601 t.
853 2567 905 2600 καὶ
925 2566 1202 2612 κατηγορήσουσι
1224 2566 1269 2601 O.
1404 2563 1425 2590 h
1445 2566 1503 2611 τὰ]
1529 2566 1613 2611 ὑπὲρ
1631 2566 1675 2601 Α.

157 2619 258 2653 k.1·.s.
384 2615 394 2642 i
415 2619 578 2663 πρέσβεις
596 2620 738 2665 πέμψῃ]
764 2620 886 2665 πέμψη
906 2620 1070 2665 πρέσβεις
1090 2632 1118 2654 r.
1240 2618 1252 2651 j
1274 2616 1358 2664 εἶδε]
1382 2618 1432 2652 ἰ’δε
1452 2620 1495 2652 Α.
1526 2619 1545 2652 ὃ
1565 2619 1602 2652 in
1619 2630 1674 2653 ra·

157 2683 238 2705 sura
259 2671 294 2705 S.
325 2671 476 2705 Videtur
495 2675 516 2706 λ
537 2671 657 2711 fuisse,
678 2673 702 2705 i.
717 2684 747 2706 e.
769 2670 855 2706 εἷλε.
942 2669 962 2696 k
982 2687 1022 2718 γε
1041 2673 1094 2706 καὶ
1113 2684 1182 2707 om.
1207 2671 1250 2706 O.
1335 2668 1344 2695 l
1365 2671 1495 2716 λέγειν]
1519 2671 1613 2717 λέγει
1635 2673 1672 2706 S.

157 2745 188 2764 m
206 2739 362 2785 βοηθεῖν]
385 2724 524 2783 Βοηθειν
546 2741 580 2774 S.
611 2755 629 2774 ν
649 2753 668 2774 a
688 2753 734 2774 m.
756 2753 823 2775 sec.
845 2742 986 2787 scripto.
1109 2746 1129 2764 n
1150 2740 1257 2785 ὅπως]
1282 2739 1367 2773 ὅπου
1387 2741 1421 2774 k.
1542 2745 1560 2764 0
1580 2742 1674 2773 ταῦτ’

156 2791 215 2836 ἂν]
237 2790 277 2826 ἂν
296 2791 390 2826 ταῦτ’
409 2805 437 2826 r.
587 2799 606 2827 Ρ
626 2793 683 2833 δέ;
714 2792 806 2839 ἔσθ’]
830 2793 859 2827 δ’
881 2795 954 2828 ἐσθ’
977 2794 1013 2828 S.
1045 2794 1103 2833 δέ,
1134 2794 1230 2826 ἔστιν
1248 2793 1366 2838 vulgo.
1504 2799 1522 2825 (ί
1542 2794 1673 2825 τότε-

154 2844 326 2887 ἇκηκοέναι
350 2845 400 2890 (p.
423 2856 512 2890 442,
538 2846 636 2891 14.)]
657 2846 746 2880 Haec
765 2846 818 2879 bis
837 2846 938 2892 ponit
959 2846 1002 2880 Ο.
1035 2846 1138 2880 Conf.
1161 2846 1204 2879 ad
1223 2858 1259 2892 p.
1282 2853 1371 2891 437,
1395 2855 1456 2879 22.
1573 2851 1588 2869 Γ
1607 2848 1674 2878 τῶν

155 2908 225 2931 om.
247 2897 284 2931 k.
407 2903 422 2922 ³
441 2896 578 2944 γύναια]
603 2900 646 2932 τὰ
664 2898 784 2944 γύναια
803 2899 949 2933 A.k.r.s.
972 2906 1006 2933 et
1022 2914 1077 2943 γρ.
1099 2898 1143 2936 Q.
1268 2897 1281 2923 ἶ
1302 2900 1360 2931 νῦν
1379 2897 1558 2943 πράττειν]
1583 2912 1671 2940 συμ-

154 2951 315 2994 πράττειν
334 2951 446 2985 A.k.s.
534 2957 553 2975 ¹1
575 2952 632 2994 ἐμὲ
653 2951 816 2997 αἷσχρὸν]
840 2951 987 2995 αἰσχρὸν
1006 2952 1063 2994 ἐμὲ
1083 2952 1227 2986 A.k.r.s.
1313 2956 1330 2974 'v'
1352 2951 1440 2997 νυνὶ]
1465 2952 1524 2985 νῦν
1544 2951 1653 2984 A.k.s.

214 3024 310 3050 voL.
334 3025 363 3050 1.
881 3025 905 3066 3
929 3026 954 3051 Ο
