1930 3266
0 221 152 265 —239‚
173 224 220 252 19.
429 211 433 214 ’
577 210 705 247 ΠΕΡΙ
735 209 844 247 TOT
874 209 1179 246 ΣΤΕΦΑΝΟὙ.
1550 207 1630 246 251

54 328 108 380 48
184 319 293 386 '³Ap’
319 321 394 371 ἐπὶ
430 318 620 372 ταύταις
655 324 754 372 ταῖς
785 319 949 369 ἐλπίσι
973 317 1099 382 ιῃτὴν
1126 317 1310 384 εἰρήνην
1335 319 1576 379 ἐποιεῖσθε,
1602 316 1683 381 ἢεο

117 405 243 454 ταῦτ’
281 403 626 467 Πέπηγγέλλεθ
667 404 772 464 ὑμῖν
812 402 945 455 οὗτος
984 402 1008 451 ὁ
1051 399 1323 463 μισθωτός;
1381 400 1502 465 Λέγε
1542 399 1632 463 Οδὴ

115 486 201 551 τὴν
227 485 486 549 ἐπιστολὴν
511 484 569 549 ἢν
595 485 742 550 Ι’δεῦρ’
771 485 954 552 ἔπεμψε
982 486 1222 536 Φίλιππος
1247 482 1363 546 μετὰ
1390 488 1549 533 ταῦτα.

697 595 717 623 q
734 589 1054 630 ΕΠΙΣΤΟᾹΗ.

51 675 105 715 49
230 662 426 703 Βασιλεὺς
462 663 704 702 Μακεδόνων
741 663 939 702 Φίλιππος
972 659 1194 710 Ἀθηναίων
1229 659 1273 708 τῇ
1309 661 1438 713 βουλῇ
1479 658 1540 698 καὶ
1580 660 1631 712 τῷ
1646 672 1681 703 25

175 729 277 783 δήμῳ
315 731 481 781 χαίρειν.
536 730 622 768 ἴστε
661 729 759 779 ἡμᾶς
801 729 1121 779 παρεληλυθότας
1163 727 1254 766 εἵσω
1297 729 1444 765 Πυλῶν
1486 726 1547 765 καὶ
1587 728 1634 765 τὰ

173 798 268 836 κατὰ
298 795 369 845 τὴν
398 796 556 835 Φωκίδα
585 794 651 847 ὑφ’
681 795 866 836 ῑὲαυτοὺς
896 793 1192 844 πεποιημένους,
1227 793 1287 832 καὶ
1319 793 1396 832 ὅσα
1425 794 1497 842 μὲν
1529 794 1636 832 ἑκου-

173 863 267 904 σίως
293 864 546 914 προσετίθετο
578 866 653 902 τῶν
681 862 949 912 πολισμάτων,
980 862 1154 912 φρουρὰς
1182 861 1495 912 5εἰσαγηοχότας
1523 860 1632 906 αὐτὰ,

171 931 219 969 τὰ
267 930 309 969 δὲ
347 928 399 979 μὴ
438 930 708 969 ἵὺπακούοντα
749 931 845 968 κατὰ
887 927 1023 979 κράτος
1064 930 1292 977 “λαβόντες
1343 927 1405 966 καὶ
1453 928 1727 979 ἐξανδρα-239

50 1011 106 1053 50
171 996 426 1047 ποδισάμενοι
473 995 792 1047 κατεσκάψαμεν.
851 996 1000 1035 ἀκούων
1042 996 1082 1034 δὲ
1123 994 1220 1034 Χκαὶ
1268 995 1364 1044 ὑμᾶς
1413 1009 1634 1044 παρασκευ-

173 1063 333 1111 άζεσθαι
362 1066 528 1112 βοηθεῖν
557 1064 688 1105 αὐτοῖς
716 1063 901 1115 γέγραφα
931 1063 1033 1111 ὑμῖν,
1065 1063 1129 1101 ἵνα
1159 1062 1210 1112 μὴ
1239 1070 1257 1098 ,Υ
1269 1061 1334 1104 ἐπὶ
1363 1060 1519 1099 Ζπλέον
1551 1061 1634 1099 ε’νο-

170 1134 325 1184 χλῆσθε
355 1132 443 1182 περὶ
474 1131 630 1170 τούτων·
670 1135 780 1172 θτοῖς
809 1132 881 1180 μὲν
911 1131 986 1181 γὰρ
1015 1130 1124 1170 ὅλοις
1150 1128 1295 1168 ὺούδὲν
1322 1127 1512 1178 Εμέτριόν
1540 1126 1662 1177 (1μοι5

172 1201 320 1238 δοκεῖτε
347 1203 487 1244 ποιεῖν,
516 1198 585 1247 τὴν
612 1197 796 1249 Θείρήνην
824 1196 1084 1247 Ῐ’συνθέμενοι
1116 1197 1177 1236 καὶ
1209 1197 1349 1242 ὁμοίως
1377 1194 1632 1246 ἀντιπαρεξά-

171 1282 321 1318 γοντες,
356 1266 418 1305 καὶ
448 1268 568 1305 ταῦτα
604 1266 692 1305 οὐδὲ
725 1263 1139 1315 συμπεριειλημμένων
1169 1267 1245 1302 τῶν
1277 1261 1447 1302 Φωκέων
1478 1263 1522 1301 ἐν
1553 1266 1636 1304 ταῖς

174 1337 319 1374 κοιναῖς
350 1333 455 1382 ἡμῶν
484 1332 704 1382 συνθήκαις.
746 1332 848 1371 ὥστε
877 1333 946 1370 ἐὰν
974 1331 1026 1381 μὴ
1057 1331 1245 1381 ἐμμένητε
1274 1333 1354 1371 τοῖς
1384 1328 1635 1380 ὡμολογημέ-

175 1417 267 1446 νοις,
291 1400 404 1439 οὐδὲν
425 1398 688 1451 προτερήσετε
711 1398 782 1448 ἔξω
805 1401 872 1437 τοῦ
894 1405 911 1428 ‘³’
926 1397 1141 1449 ἐφθακέναι
1163 1398 1397 1437 ἀδικοῦντες.
1651 1411 1688 1432 10

51 1491 100 1533 51
188 1468 408 1518 Ἀκούετε
447 1469 508 1520 ὡς
547 1471 719 1534 σαφῶς
758 1470 899 1530 δηλοῖ
939 1468 1014 1515 καὶ
1054 1465 1295 1530 διορίζεται
1334 1465 1381 1513 ἐν
1421 1467 1478 1530 τῇ
1518 1462 1636 1529 πρὸς

1464 1556 1489 1577 ιι
1508 1546 1528 1573 h
1557 1549 1565 1563 '
1610 1546 1621 1562 *

116 1554 232 1615 ὑμᾶς
268 1553 500 1618 ἐπιστολῇ
533 1550 652 1616 πρὸς
685 1549 792 1603 τοὺς
830 1551 993 1600 ἑαυτοῦ
1029 1548 1324 1614 συμμάχους,
1359 1547 1429 1598 ὅτι
1544 1571 1636 1612 εγω

115 1643 142 1665 “
167 1640 314 1686 ταῦτα
361 1635 594 1698 πεποίηκα
638 1632 848 1684 ἀκόντων
889 1633 1154 1697 Ἀθηναίων
1196 1637 1271 1682 καὶ
1315 1630 1634 1695 λυπουμένων,

115 1726 143 1749 “
171 1718 281 1770 ὥστ’
311 1719 437 1785 εἴπερ
470 1719 518 1768 εὖ
557 1723 783 1785 φρονεῖτε,
820 1716 855 1767 ὦ
890 1721 1093 1780 Θηβαῖοι
1133 1718 1207 1766 καὶ
1244 1718 1493 1777 Θετταλοὶ,
1521 1716 1630 1766 τού-

117 1812 144 1834 “
168 1826 275 1857 τους
307 1802 391 1866 μὲν
422 1801 614 1869 ἐχθροὺς
640 1801 992 1870 ἰὑπολήψεσθε,
1021 1801 1119 1862 ἐμοὶ
1152 1800 1199 1850 δὲ
1230 1800 1552 1860 πιστεύσετε,”
1580 1800 1684 1853 01315

115 1887 294 1940 τούτοις
331 1891 426 1939 τοῖς
460 1885 641 1952 ῥήμασι
674 1885 883 1953 γράψας,
917 1890 1064 1935 ταῦτα
1098 1883 1145 1934 δὲ
1181 1881 1470 1945 βουλόμενος
1507 1885 1628 1934 δεικ-

51 1970 263 2040 5ανύναι,
317 1975 565 2035 τοιγαροῦν
595 1971 644 2019 ἐκ
678 1968 854 2019 τούτων
889 1966 1022 2035 ᾤχετ’
1052 1968 1247 2020 ἐκείνους
1283 1965 1450 2026 λαβὼν
1484 1970 1546 2020 εἷς
1580 1966 1634 2018 τὸ

435 2051 455 2078 k

118 2054 226 2117 μηδ’
256 2054 409 2103 ὁτιοῦν
471 2056 680 2118 προορᾶν
713 2056 807 2102 τῶν
843 2050 960 2114 μετὰ
990 2056 1137 2101 ταῦτα
1171 2051 1276 2114 μηδ’
1307 2049 1633 2112 αἰσθάνεσθαι,

117 2139 224 2188 ἀλλ’
255 2139 391 2188 ἐᾶσαι
427 2136 585 2188 πάντα
620 2136 679 2187 τὰ
712 2135 970 2202 πράγματα
1010 2136 1181 2184 ἐκεῖνον
1215 2136 1290 2201 ὑφ’
1319 2135 1467 2202 ἑαυτῷ
1501 2133 1628 2198 ποιή-

172 2318 203 2336 m
222 2313 282 2356 τὴν
301 2311 432 2358 εἰρήνην
452 2311 640 2356 ἐποιεῖσθε]
667 2311 727 2354 τὴν
747 2310 878 2356 εἰρήνην
898 2309 1107 2354 ἐποιήσασθε
1128 2310 1242 2343 A.k.s.
1275 2310 1446 2343 ἐποιεῖσθε
1466 2309 1526 2352 τὴν
1546 2308 1634 2354 εἰρή-

120 2380 177 2409 νην
196 2377 267 2411 o.q.
364 2371 384 2389 Π
405 2363 647 2410 ἐπηγγέλλεθ’]
673 2363 891 2410 ε’πηγγείλαθ’
912 2376 980 2409 o.q.
1074 2369 1092 2387 0
1113 2364 1152 2406 δὴ
1174 2363 1351 2401 F.S.Q.Y.
1383 2361 1412 2396 δ’
1431 2362 1534 2406 αὐτὴν
1554 2362 1633 2395 A.k.

120 2431 217 2464 p.r.s.
248 2418 355 2452 ceteri
374 2417 402 2452 δ’
417 2416 470 2452 αὖ.
548 2423 566 2450 P
586 2417 675 2462 δεῦρ’
697 2430 766 2451 0111.
789 2418 823 2451 S.
908 2423 927 2450 ‘l
948 2416 1197 2462 ΕΠΙΣΤΟΑΗ]
1224 2416 1428 2449 Addebatur
1447 2414 1632 2454 Φιλίππου,

121 2472 215 2517 quod
234 2484 303 2506 om.
326 2472 394 2506 S.r.
509 2477 523 2495 Γ
543 2471 698 2516 ἑαυτοὺς]
723 2471 808 2513 ἡμᾶς
827 2470 947 2505 αὐτοὺς
968 2471 1081 2504 A.k.s.
1193 2475 1207 2494 S
1229 2469 1492 2514 εἰσαγηοχότας]
1520 2469 1634 2502 Adde-

120 2525 222 2559 batur
242 2525 288 2560 εῖς
307 2525 401 2565 αὐτὰ,
423 2525 517 2570 quod
537 2536 606 2558 om.
629 2524 1020 2569 F.S.Y.Q.o.p.q.t.u.v.
1052 2523 1098 2557 εἷς
1118 2523 1220 2556 αὐτάς
1241 2529 1293 2556 est
1314 2523 1349 2555 in
1370 2535 1396 2556 s.
1514 2521 1527 2546 t
1549 2521 1632 2554 ὑπα-

120 2578 277 2624 κούοντα]
300 2576 536 2611 ὑπακούσαντα
557 2578 640 2611 A.k.
773 2584 794 2602 U
813 2578 999 2623 λαβόντες]
1026 2577 1195 2617 λαβόντας
1217 2575 1336 2614 S.Q.1·.
1450 2580 1468 2598 X
1489 2575 1541 2608 καὶ
1561 2586 1632 2608 om.

120 2632 230 2665 A.k.s.
382 2637 398 2660 y
420 2631 475 2664 ἐπὶ
495 2643 563 2664 om.
581 2630 910 2669 F.S.Y.Q.O.t.u.v.
1050 2635 1067 2653 Ζ
1087 2629 1192 2662 πλέον
1213 2630 1364 2674 A.k.p.r.
1412 2628 1635 2661 Scribebatur

121 2686 249 2718 πλεῖον.
366 2690 385 2708 a
403 2683 640 2728 τοῖς-ὅλοις]
665 2682 939 2718 τούτοις-ὅλως
961 2683 1108 2718 A.k.r.S.
1230 2678 1250 2706 b
1271 2681 1385 2726 οὐδὲν]
1411 2681 1488 2714 οὐδὲ
1510 2680 1633 2725 S.Q.p.

123 2742 139 2762 ⁰
157 2737 309 2782 μέτριόν]
333 2739 557 2781 μετριώτερον
575 2743 600 2770 t.
635 2737 769 2782 μέτριόν
789 2751 820 2770 τι
839 2748 868 2769 r.
1011 2732 1029 2759 ‘l
1049 2750 1106 2778 μοι
1126 2734 1270 2780 δοκεῖτε]
1295 2735 1426 2768 δοκεῖτέ
1442 2748 1499 2776 μοι
1518 2734 1632 2768 A.k.1·.

123 2795 140 2815 e
159 2790 306 2836 εἶρὴνην]
331 2790 462 2835 εἰρήνην
480 2789 519 2834 ἦν
541 2789 668 2828 S.Y.Q.
751 2786 765 2813 f
783 2788 998 2834 συνθέμενοι]
1025 2788 1256 2831 συντιθέμενοι
1276 2789 1311 2821 k.
1394 2793 1414 2820 g
1435 2786 1632 2832 ἐφθακέναι]

123 2843 315 2888 ὠφληκέναι
334 2844 446 2889 Y.p.r.
604 2840 625 2866 h
645 2843 710 2887 ἐγὼ
731 2844 835 2875 ταῦτα
857 2843 892 2875 S.
914 2842 949 2875 in
970 2854 1039 2887 quo
1060 2841 1227 2886 scriptum
1248 2841 1313 2886 ἐγὼ
1332 2840 1495 2883 πὲποίηκα
1514 2838 1633 2879 τάῦτα,

123 2897 259 2931 lineolis
287 2896 540 2942 superscriptis,
568 2897 610 2930 de
640 2896 766 2941 quibus
795 2908 826 2929 v.
855 2895 899 2928 ad
926 2908 960 2940 p.
982 2892 1068 2935 228,
1093 2906 1148 2928 10.
1200 2894 1400 2939 Legebatur
1426 2895 1530 2926 ταῦτα
1556 2894 1633 2938 ἐγώ.

124 2946 135 2974 i
159 2949 402 2996 ὑπολήψεσθε]
434 2948 689 2994 ὑπολὴμψεσθε
712 2949 746 2982 S.
768 2949 827 2994 qui
853 2948 1023 2989 similiter,
1044 2948 1105 2982 sed
1125 2960 1223 2982 eraso
1243 2962 1279 2991 μ,
1301 2960 1336 2993 p.
1355 2953 1444 2994 552,
1462 2957 1480 2980 2
1495 2957 1521 2980 ῐ.
1543 2946 1633 2993 583,

130 3000 189 3037 18.
299 2999 319 3027 k
339 3004 490 3048 προορᾶν
509 3009 589 3048 post
608 3004 713 3036 ταῦτα
732 3003 845 3036 A.k.s.

821 3062 942 3103 Kkz
