1903 3271
39 189 138 243 368,
155 206 186 229 ρ.
476 191 602 228 ΠΕΡΙ
633 191 744 228 ΤΗΣ
776 190 1238 228 ΠΑΡΑΠΡΕΣΒΕΙΑΣ.
1533 191 1616 230 385

105 305 251 365 θηκας
275 300 440 355 αὐτοὺς
478 299 603 364 οἶμαι
633 299 722 350 Χτὸ
747 300 886 363 μέρος
919 299 995 362 σὺ,
1022 298 1146 350 ὥστε
1181 300 1296 365 μήτε
1331 305 1424 354 τοῖς
1461 302 1620 368 φίλοις

104 388 294 448 βοηθεῖν
317 384 432 448 μήτε
457 382 563 437 τοὺς
590 384 782 450 ἐχθροὺς
808 382 1095 446 Ῡάμύνεσθαι
1121 383 1363 434 δύνασθαι.

38 483 95 524 94
182 469 276 517 Καὶ
309 466 402 530 μὴν
443 469 512 517 ὅτι
555 469 696 533 χωρὶς
731 469 812 530 τῆς
849 467 1003 530 ἄλλης
1041 466 1267 533 αἰσχύνης
1305 470 1380 518 καὶ
1418 467 1621 536 ἀδοξίας,

103 549 162 614 ἣν
199 550 258 601 τὰ
300 550 609 615 πεπραγμένα
647 549 753 616 ἔχει,
799 553 874 600 καὶ
915 550 1115 615 μεγάλοι
1150 551 1347 601 κίνδυνοι
1391 558 1615 615 Ζπεριεσ-

103 638 243 684 τᾶσιν
277 635 326 683 ἐκ
363 633 541 683 τούτων
579 632 664 697 τὴν
701 632 857 694 πόλιν,
893 631 1056 701 ῥᾴδιον
1095 633 1256 701 δεῖξαι.
1297 635 1366 687 τίς
1409 633 1502 700 γὰρ
1539 635 1621 684 οὐκ
1637 655 1675 677 10

103 714 224 767 οἶδεν
249 717 378 779 ὑμῶν
404 716 473 766 ὅτι
509 720 608 784 3τῴ
635 716 836 766 Φωκέων
862 716 1056 785 πολέμῳ
1093 718 1169 766 καὶ
1201 720 1266 785 τῷ
1289 718 1471 783 κυρίους
1508 715 1622 767 εἶναι

105 804 284 851 Πυλῶν
310 799 499 853 Φωκέας
538 801 570 863 ἥ
603 822 653 850 τε
688 799 780 850 ἀπὸ
809 801 1036 863 Θηβαίων
1063 801 1192 850 ἄδεια
1227 802 1432 868 ὑπῆρχεν
1464 800 1621 865 ὺὴμῖν,

104 885 179 934 καὶ
217 881 270 933 τὸ
309 884 560 946 ομηδέποτ’
603 881 784 934 ᾶέλθεῖν
822 883 879 933 ἂν
910 887 971 936 εἰς
1006 883 1381 948 Πελοπόννησον
1415 887 1524 948 μηδ’
1561 889 1623 938 εἷς

107 968 315 1027 Εὔβοιαν
340 968 445 1030 μηδ’
474 971 535 1019 εἷς
561 966 647 1030 τὴν
672 966 894 1029 Ἀττικὴν
920 968 1188 1018 εῒΦίλιππον
1213 967 1328 1032 μηδὲ
1351 970 1620 1032 Θηβαίουςς

38 1064 91 1107 95
105 1050 281 1114 ταύτην
318 1050 475 1113 μέντοι
513 1049 598 1114 τὴν
637 1049 730 1101 ἀπὸ
770 1055 852 1100 τοῦ
893 1049 1040 1100 τόπου
1085 1054 1159 1101 καὶ
1198 1056 1292 1101 τῶν
1331 1050 1673 1117 πραγμάτων15

103 1133 285 1185 ἰαύτῶν
335 1132 608 1201 ἀσφάλειαν
660 1132 973 1200 ὑπάρχουσαν
1016 1138 1073 1200 τῇ
1116 1134 1253 1185 πόλει
1304 1140 1404 1188 ταῖς
1447 1135 1625 1186 τούτων

103 1217 304 1271 ἀπάταις
349 1220 423 1268 καὶ
464 1219 801 1284 ψευδολογίαις
845 1218 1115 1271 πεισθέντες
1152 1218 1446 1284 ἕπροήκασθ’
1486 1221 1625 1281 ὑμεῖς,

103 1300 218 1352 11καὶ
256 1301 604 1367 τετειχισμένην
647 1300 813 1354 ὅπλοις
846 1302 922 1350 καὶ
959 1301 1154 1370 πολέμῳ
1194 1307 1386 1368 συνεχεῖ
1418 1305 1493 1352 καὶ
1530 1302 1616 1353 πό-

103 1393 215 1436 λεσι
253 1383 263 1410 i
283 1383 516 1450 μεγάλαις
547 1383 817 1450 συμμάχων
843 1386 1024 1449 ἀνδρῶν
1059 1387 1135 1434 καὶ
1173 1385 1305 1453 χώρᾳ
1342 1390 1505 1453 πολλῇ
1542 1409 1624 1437 πε-
1638 1408 1678 1429 ²0

103 1469 284 1534 ριείδετ’
314 1469 678 1518 ἀνασταθεῖσαν.
719 1469 795 1517 καὶ
832 1468 1007 1529 ματαία
1042 1467 1129 1530 μὲν
1167 1469 1194 1530 ἡ
1234 1466 1498 1534 ι(πρότερον
1532 1475 1621 1529 βο-

103 1550 234 1614 ήθεια
271 1549 323 1614 Ῑὴ
356 1555 417 1603 εἰς
455 1551 621 1603 Πύλας
656 1552 810 1613 ’Βὺμῖν
845 1550 1051 1615 γέγονεν,
1089 1550 1146 1614 ἢν
1179 1550 1297 1613 μετὰ
1330 1550 1560 1602 πλειόνων
1594 1551 1623 1615 ἢ

105 1635 359 1685 διακοσίων
409 1633 656 1684 ταλάντων
708 1632 1049 1697 Πέποιήσασθε,
1094 1632 1186 1684 Οᾶν
1228 1636 1497 1699 λογίσησθε
1542 1635 1624 1688 τὰς

105 1719 221 1772 ἰδίας
272 1717 483 1771 δαπάνας
534 1716 649 1771 Ρτάς
699 1722 792 1767 τῶν
842 1719 1282 1784 στρατευσαμένων,
1332 1719 1524 1782 μάταιαι
1576 1718 1625 1770 δὲ

39 1804 219 1867 96¹³va
264 1805 311 1851 αὶ
361 1801 480 1851 κατὰ
526 1802 753 1864 Θηβαίων
803 1802 1001 1854 ἐλπίδες.
1063 1800 1087 1852 ὃ
1132 1802 1192 1862 δὲ,
1233 1807 1432 1853 πολλῶν
1477 1803 1624 1854 ὅντων
1639 1830 1674 1859 25

106 1887 181 1936 καὶ
208 1887 369 1935 δεινῶν
404 1882 468 1934 ὧν
495 1884 627 1936 οὗτος
667 1884 920 1949 ὑπηρέτηκε
961 1887 1202 1953 Φιλίππῳ,
1228 1888 1462 1949 πλείστην
1490 1889 1624 1953 ὕβριν

107 1971 169 2021 ὡς
206 1970 396 2031 ἀληθῶς
438 1968 529 2034 ἔχει
567 1967 685 2017 κατὰ
723 1970 803 2030 τῆς
848 1967 1032 2022 πόλεως
1074 1971 1148 2018 καὶ
1193 1969 1436 2020 Γάπάντων
1483 1972 1625 2033 ὑμῶν,

106 2056 230 2103 τοῦτ’
257 2051 497 2102 ἀκούσατέ
522 2074 626 2113 μου,
653 2050 722 2100 ὅτι
761 2055 855 2103 τοῖς
893 2052 1122 2115 Θηβαίοις
1160 2051 1416 2117 ἐγνωκότος
1454 2054 1511 2122 ἐξ
1543 2056 1625 2120 άρ-

107 2138 194 2202 χῆς
226 2140 309 2186 τοῦ
336 2136 589 2185 Φιλίππου-
613 2134 750 2185 πάνθ’
781 2134 835 2184 5ἂ
859 2137 1081 2199 πεποιήκε
1116 2141 1275 2198 ποιεῖν,
1304 2137 1437 2190 οὗτος
1462 2140 1619 2204 ἀπαγ-
1637 2148 1720 2200 368

106 2217 268 2284 γείλας
305 2219 526 2269 τάναντία
564 2220 639 2267 καὶ
687 2217 915 2285 φανεροὺς
951 2219 1183 2287 ἐπιδείξας
1222 2222 1338 2283 ὑμᾶς
1376 2222 1477 2287 οὐχὶ
1513 2227 1626 2282 βου-

165 2396 181 2412 x
210 2390 250 2424 τὸ
278 2390 381 2436 μέρος
409 2389 471 2436 σὺ]
505 2391 543 2423 τὸ
564 2390 629 2423 σὸν
648 2390 749 2436 μέρος
769 2391 814 2438 σρ
835 2392 879 2426 O.
923 2392 961 2424 τὸ
991 2393 1073 2425 κατὰ
1103 2394 1230 2426 σαυτὸν
1257 2393 1357 2439 μέρος
1388 2394 1433 2427 σὺ
1461 2409 1517 2439 γρ.
1542 2395 1626 2433 S.Q.

459 2447 476 2464 α

109 2481 129 2509 Y
146 2475 351 2522 ἀμύνεσθαι]
375 2474 562 2519 ἀμύνεσθαι
591 2477 663 2511 F.t.
699 2477 892 2521 ἀμύνασθαι
923 2478 1133 2518 Ξ.Ω,Ο.Ῑς.8.
1289 2486 1307 2504 Ζ
1342 2482 1565 2525 περιεστᾶσιν
1593 2481 1628 2514 εἰ(

109 2527 239 2564 τούτων
257 2530 317 2574 τὴν
336 2529 454 2575 πόλιν]
478 2529 538 2572 τὴν
557 2532 658 2564 πόλιν
677 2533 911 2576 περιεστᾶσιν,
933 2533 968 2566 ἐκ
987 2531 1116 2567 τούτων
1134 2533 1249 2567 A.k.S.
1371 2538 1389 2557 a
1407 2536 1455 2580 τῷ
1474 2533 1535 2579 Φ]
1561 2536 1628 2567 τῶν

110 2583 152 2627 φ.
175 2582 219 2616 Ο.
339 2578 359 2606 b
380 2581 474 2628 ἡμῖν]
499 2582 576 2626 ὑμῖν
594 2584 625 2617 A
639 2585 705 2618 k.s.
830 2590 846 2609 ⁰
864 2584 1044 2630 μηδέποτ’]
1067 2585 1180 2629 μηδέ-π’
1203 2585 1247 2620 Ο.
1371 2582 1388 2610 d
1410 2586 1521 2620 ἐλθεῖν
1542 2586 1626 2625 S.Q.

111 2635 311 2681 Legebatur
330 2633 371 2668 ἂν
390 2635 514 2670 ἐλθεῖν.
549 2634 589 2669 ἂν
608 2649 676 2670 om.
697 2638 767 2672 k.S.
926 2643 942 2662 e
971 2637 1161 2684 Φίλιππον]
1194 2639 1278 2682 μηδὲ
1305 2639 1476 2682 φίλιππον
1495 2639 1625 2674 Y.O.v.

113 2685 127 2714 f
144 2689 253 2722 αὐτῶν
272 2700 342 2723 om.
364 2689 404 2724 F.
426 2689 463 2722 in
482 2703 538 2734 γρ.
560 2690 665 2724 habet
686 2690 731 2728 Q.
845 2696 866 2724 g
884 2691 1091 2738 προήκασθ’]
1116 2691 1277 2736 προήκαθ’
1298 2692 1444 2726 O.r.t.u.
1466 2698 1500 2725 et
1519 2705 1570 2738 pr.
1591 2705 1626 2727 v.

112 2737 133 2765 h
152 2742 205 2775 καὶ
224 2753 294 2776 om.
317 2754 368 2787 pr.
390 2741 432 2775 Y.
572 2739 581 2766 i
610 2742 790 2788 μεγάλαις]
813 2745 976 2789 μεγάλοις
997 2745 1034 2778 F.
1176 2742 1196 2769 k
1225 2747 1391 2790 πρότερον
1413 2746 1448 2779 S.
1480 2747 1629 2790 προτέρα

112 2794 230 2840 vulgo.
341 2792 351 2819 Ῑ
372 2794 390 2838 ἡ
410 2807 480 2829 om.
504 2795 841 2834 F.S.Y.Q.O.t.u.v.
965 2803 993 2821 m
1016 2797 1109 2843 ὑμῖν]
1135 2797 1211 2841 ἡμῖν
1231 2798 1347 2832 A.F.r.
1474 2805 1490 2823 ¹¹
1513 2798 1626 2842 ἐποιή-

113 2847 241 2892 σασθε]
264 2847 474 2891 ἐποιήσασθε
495 2848 587 2892 ὑμεῖς
606 2850 750 2883 A.k.r.s.
862 2855 880 2874 0
900 2849 940 2883 ἂν
958 2851 992 2884 S.
1027 2851 1249 2885 Scribebatur
1270 2851 1336 2884 ἐάν.
1446 2857 1466 2884 Ρ
1486 2852 1546 2886 τὰς
1565 2852 1626 2886 ad-

113 2900 225 2934 ditum
245 2912 287 2935 ex
309 2901 389 2935 S.Y.
499 2908 519 2935 q
538 2904 591 2936 καὶ
611 2914 682 2936 om.
703 2903 820 2936 A.k.s.
932 2909 947 2927 Γ
965 2903 1121 2937 ἁπάντων
1142 2905 1224 2938 S.Y.
1254 2905 1388 2937 πάντων
1401 2905 1514 2938 A.k.s.
1545 2905 1628 2939 κατὰ

111 2953 247 2988 πάντων
265 2955 384 3000 vulgo.
475 2962 488 2980 ⁵
507 2952 528 2988 ἃ
546 2956 708 2998 πεποίηκε
722 2955 842 2990 A.S.k.
872 2955 957 3002 ἅπερ
977 2958 1136 3001 πεποίηκε
1157 2970 1183 2991 S.
1213 2958 1298 3002 ἅπερ
1317 2959 1491 3002 προῄρητο
1506 2958 1625 3003 vulgo,

170 3028 263 3054 VOL.
289 3029 319 3054 1.
836 3029 859 3069 3
887 3032 911 3056 n
