1930 3266
286 193 370 235 316
829 196 1254 235 ΔΗΜΟΣΘΕΝΟΤΣ
1340 195 1421 234 On.
1442 194 1628 234 xvm.
1650 209 1688 248 p.
1707 206 1805 246 301,
1824 208 1924 233 21—-2

287 329 365 357 κεν
390 307 554 358 ἑαυτὸν
579 311 640 361 εἰς
667 306 797 358 οὐδὲν
821 311 879 374 τῇ
904 305 1054 368 πόλει,
1081 309 1193 357 ἀλλ’
1223 308 1248 357 ὁ
1282 306 1368 369 μὲν
1393 306 1594 374 γράφων
1625 307 1707 356 οὐκ
1741 306 1797 357 ἂν

286 391 619 457 ἐπρέσβευσεν,
658 392 683 441 ὁ
724 391 772 442 δὲ
811 390 1091 456 πρεσβεύων
1136 391 1219 440 οὐκ
1263 389 1321 440 ἂν
1366 390 1589 458 ἔγραψεν.
1651 388 1794 440 ‘sm-k-

286 482 419 526 λειπε
448 474 541 541 γὰρ
567 475 720 525 αὐτῶν
753 474 950 527 ἕκαστος
985 475 1132 542 ἑαυτῷ
1166 471 1262 535 ἅμα
1296 472 1379 536 μὲν
1410 473 1673 541 ῥᾳστώνην,
1700 470 1797 536 ἅμα

193 573 240 612 27
250 574 273 614 9
287 561 342 620 δ’,
382 558 424 609 εἴ
459 581 504 608 τι
542 558 757 623 ἕγε’νοιτ’,
796 555 1057 625 ἀναφοράν.
1113 557 1162 606 τί
1202 556 1312 616 οῦνς
1359 556 1478 606 εἴποι
1515 579 1585 610 τις
1621 555 1692 618 ἂν,
1731 555 1794 607 σὺ
1807 583 1846 614 ²5

285 647 516 692 τοσοῦτον
551 643 782 706 ὑπερῆρας
812 638 955 693 Ιὶτοὺς
991 639 1168 693 ἄλλους
1203 639 1337 707 ῥώμῃ
1371 642 1447 690 καὶ
1483 639 1639 708 τόλμῃ
1673 639 1797 691 ὥστε

284 724 441 776 πάντα
477 730 625 776 ποιεῖν
663 722 830 785 αὐτόςς
878 725 931 774 οὐ
970 723 1143 774 ἰταῦτα
1186 724 1324 789 λέγω,
1365 725 1472 775 ἀλλ’
1511 726 1658 778 οὕτως
1694 726 1797 775 ἐπε-
1928 726 1930 772 l

1686 806 1697 834 ι

284 811 492 873 πείσμην
540 808 688 874 μέγαν
738 806 851 859 εἶναι
896 807 1016 858 1(τὸν
1065 806 1384 875 κατειληφότα
1433 808 1644 858 κίνδυνον
1713 806 1799 871 τὴν

283 890 440 953 πόλιν,
468 888 580 940 ὥστ’
610 891 692 940 οὐκ
726 889 870 940 ἐδόκει
904 912 984 953 μοι
1018 889 1216 956 111χώραν
1251 889 1353 941 οὐδὲ
1388 889 1611 956 πρόνοιαν
1641 892 1798 941 Ποὺδε-

284 974 395 1036 μίαν
432 976 514 1037 τῆς
554 975 669 1027 ἰδίας
708 974 976 1042 ἀσφαλείας
1013 971 1202 1035 διδόναι,
1241 975 1351 1024 ἀλλ’
1385 973 1630 1041 ἀγαπητὸν
1668 972 1891 1038 εἷναι,3οα
1924 996 1930 1066 1

190 1065 272 1106 280
285 1061 322 1108 εἰ
359 1056 503 1121 μηδὲν
541 1056 860 1123 οπαραλιπών
899 1079 967 1110 τις
1007 1055 1038 1106 ἃ
1075 1059 1146 1107 δεῖ
1184 1057 1418 1125 πράξειεν.
1476 1059 1799 1122 Ρέπεπείσμην

991 1140 1002 1157 N

285 1144 325 1191 δ’
360 1139 474 1206 ὑπὲρ
512 1142 724 1203 ἐμαυτοῦ,
762 1139 906 1207 τυχὸν
947 1163 1031 1203 μεν
1069 1142 1417 1204 Ἷάναισθητῶν,
1457 1140 1582 1203 ὅμως
1621 1144 1661 1191 δ’
1696 1142 1799 1192 ε’πε-

283 1223 502 1286 πείσμην,
537 1222 653 1287 μήτε
687 1223 918 1291 γράφοντ’
945 1221 1024 1273 Γἂν
1056 1223 1168 1286 ἐμοῦ
1202 1222 1413 1291 ς)γροὶψαι
1446 1222 1662 1283 1Εβέλτιον
1699 1246 1789 1288 μη-

284 1306 405 1368 δένα,
432 1305 550 1370 μήτε
575 1307 873 1373 11πράττοντα
904 1306 1095 1375 πρᾶξαι,
1121 1305 1237 1370 μήτε
1263 1306 1617 1373 Χπρεσβεύοντα
1647 1329 1826 1373 πρεσ-5

283 1395 454 1451 βεῦσαι
497 1390 848 1457 προθυμότερον
890 1392 1040 1455 Ῡμηδὲ
1082 1390 1377 1457 δικαιότερον.
1440 1390 1515 1441 διὰ
1557 1397 1705 1442 ταῦτα
1747 1393 1797 1442 ἐν

1677 1473 1697 1501 h

283 1481 300 1500 ²
317 1478 466 1524 πᾶσιν
511 1473 710 1538 ἐμαυτὸν
755 1475 958 1527 ἔταττον.
1038 1482 1056 1501 a
1073 1475 1196 1540 Λέγε
1245 1475 1328 1528 τὰς
1377 1474 1633 1528 ἐπιστολὰς
1713 1474 1798 1528 τὰς

284 1563 366 1608 τοῦ
395 1559 652 1609 Φιλίππου.

878 1646 1209 1687 ΕΠΙΣΤΟΛΑΙ.

191 1725 266 1765 281
359 1722 442 1772 Εἷς
474 1724 621 1769 ταῦτα
660 1718 925 1782 κατέστησε
958 1718 1200 1768 Φίλιππον
1235 1717 1262 1779 ἡ
1295 1714 1412 1779 Οέμὴ
1445 1716 1673 1778 πολιτεία,
1707 1719 1792 1766 Al·
1813 1743 1850 1764 ιο

284 1803 443 1870 σχίνη·
489 1802 664 1866 ταύτην
697 1801 783 1866 τὴν
817 1800 980 1868 φωνὴν
1015 1803 1181 1853 ἐκεῖνος·
1214 1798 1411 1868 (Ῑάφῆκε,
1443 1798 1688 1852 Θπολλοὺς
1725 1803 1801 1851 καὶ

1238 1881 1253 1909 f

285 1891 476 1953 θρασεῖς
514 1885 574 1936 τὰ
610 1886 704 1952 πρὸ
743 1884 921 1936 τούτων
959 1888 1016 1952 τῇ
1057 1882 1194 1935 πόλει
1266 1881 1565 1948 ἐπαιρόμενος
1606 1882 1794 1948 λόγους.

1255 1966 1269 1982 Χ

284 1972 386 2021 ἀνθ’
433 1968 497 2020 ὧν
542 1971 726 2023 δικαίως
777 1968 1136 2037 ἐστεφανούμην
1189 1969 1277 2018 ὑπο
1322 1975 1342 2002 g
1358 1968 1566 2029 τουτωνὶ,
1610 1969 1685 2018 καὶ
1735 1966 1801 2018 σὺ

282 2054 446 2121 παρὼν
491 2056 573 2105 οὐκ
617 2053 875 2119 ἀντέλεγες,
921 2055 945 2103 ὁ
998 2052 1045 2103 δὲ
1095 2051 1404 2120 γραψάμενος
1449 2052 1665 2106 Διώνδας
1709 2051 1848 2106 11τὸῐε

338 2217 354 2244 f
371 2220 532 2254 ὑπέλειπε
553 2220 587 2253 S.
628 2219 828 2265 Legebatur
848 2216 1062 2252 ὑπελείπετο.
1175 2223 1195 2251 g
1214 2216 1336 2263 γένοιτ’
1358 2217 1424 2251 S.S.
1453 2219 1586 2263 γένοιτο
1605 2219 1649 2252 A.
1689 2218 1801 2265 Lege-

284 2274 388 2307 batur
405 2271 559 2319 γίγνοιτ’.
627 2269 647 2296 h
666 2272 745 2307 τοὺς
763 2272 894 2306 ἄλλους
914 2283 984 2305 om.
1005 2272 1039 2305 S.
1060 2277 1141 2317 post
1159 2272 1270 2315 τόλμῃ
1290 2277 1429 2316 ponunt
1444 2271 1801 2318 F.Y.Q.O.p.r.t.u.v.

286 2324 294 2351 i
314 2329 420 2360 ταῦτα
439 2327 530 2372 λέγω
552 2326 588 2360 S.
621 2327 712 2371 λέγω
732 2327 837 2359 ταῦτα
857 2325 974 2370 vulgo.
1090 2321 1111 2348 k
1131 2325 1190 2358 τὸν
1209 2325 1438 2369 κατειληφότα
1459 2324 1626 2371 κίνδυνον]
1651 2325 1803 2359 κίνδυνον

285 2381 345 2414 τὸν
364 2381 595 2423 κατειληφότα
615 2379 699 2413 Ο.υ.
847 2375 857 2402 l
876 2378 936 2421 τὴν
955 2377 1075 2423 πόλιν]
1100 2380 1140 2420 τῇ
1160 2379 1259 2411 πόλει
1279 2390 1311 2411 v.
1333 2384 1367 2411 et
1387 2390 1439 2423 pr.
1464 2378 1515 2418 S.,
1537 2378 1599 2413 sed
1617 2378 1660 2412 ab
1680 2379 1802 2413 eadem

285 2445 332 2467 m.
354 2439 542 2467 correctus.
691 2437 721 2456 Π]
740 2431 872 2477 χώραν]
897 2430 986 2475 ὤραν
1004 2431 1148 2465 A.k.r.s.
1179 2431 1260 2475 ὁρᾶν
1278 2445 1334 2476 γρ.
1359 2430 1444 2469 S.Q.
1582 2437 1602 2455 Π
1622 2431 1797 2478 οὐδεμίαν]

285 2487 397 2521 οὐδενὶ
424 2484 464 2520 ἂν
491 2500 546 2532 γρ.
568 2485 614 2524 Q.
807 2490 825 2509 0
852 2485 1053 2527 παραλιπών
1072 2484 1306 2529 A.Y.k.p.r.s.
1347 2484 1546 2530 Legebatur
1571 2484 1800 2529 παραλείπων.

285 2545 305 2573 P
325 2538 534 2583 ἐπεπείσμην
553 2537 729 2582 δ’-ὅμως
748 2537 777 2572 δ’
797 2550 867 2572 om.
890 2537 973 2571 O.u.
1139 2544 1160 2572 (l
1185 2536 1414 2583 ἀναισθητῶν]
1441 2537 1646 2581 ἀναίσθητον
1665 2538 1802 2573 codices

285 2599 412 2639 praeter
431 2605 465 2626 u.
565 2599 579 2618 1'
598 2590 656 2637 ἂν]
681 2591 758 2625 ἄνευ
778 2591 825 2630 Q.
925 2596 939 2615 ³
959 2589 1110 2636 γράψαι]
1132 2590 1177 2634 μὴ
1196 2591 1330 2636 γράψαι
1350 2590 1544 2625 Y.O.t.u.v.
1628 2589 1643 2615 t
1660 2592 1801 2630 βέλτιον

284 2653 366 2692 post
385 2647 466 2690 ἐμοῦ
486 2645 586 2691 ponit
606 2657 641 2691 p.
739 2650 755 2665 ¹¹
776 2643 986 2690 πράττοντα]
1009 2644 1200 2688 πράττοντά
1219 2658 1252 2677 τι
1273 2643 1425 2678 F.O.t.v.
1524 2649 1544 2668 Χ
1563 2643 1800 2689 πρεσβεύοντα

285 2739 354 2761 om.
377 2725 421 2761 Ο.
561 2731 581 2759 5
599 2725 682 2769 μηδὲ
705 2725 776 2770 S.p.
806 2707 888 2758 μεγιτε
907 2725 943 2758 k.
973 2723 1056 2767 μήτε
1074 2723 1192 2769 vulgo.
1330 2729 1348 2748 Ζ
1367 2725 1474 2758 πᾶσιν
1494 2723 1560 2758 S.s.
1601 2723 1801 2770 Legebatlu·

285 2779 423 2814 ἅπασιν.
575 2784 594 2803 a
615 2777 717 2824 Λέγε]
739 2778 819 2823 λέγε
840 2778 879 2821 δὴ
900 2777 996 2816 Q.O.
1135 2773 1154 2801 b
1174 2777 1234 2812 τὰς
1252 2778 1313 2810 τοῦ
1333 2777 1492 2811 additum
1512 2789 1554 2811 ex
1574 2777 1797 2823 A.S.k.p.r.s.

285 2839 301 2858 ὓ
321 2832 399 2879 ε’μὴ]
424 2832 498 2876 ἐμοὶ
519 2831 563 2866 Ο.
631 2827 651 2856 d
669 2831 778 2876 ἀφῆκε
800 2831 835 2865 S.
867 2830 1067 2876 Legebatur
1086 2829 1195 2875 ἀφῆκε
1215 2829 1256 2864 δι’
1273 2830 1342 2874 ἐμέ.
1409 2835 1424 2854 e
1444 2829 1794 2876 πολλοὺς-λόγους]

285 2886 437 2921 πολλοὺς
456 2886 497 2919 τὰ
517 2885 584 2930 πρὸ
603 2883 733 2918 τούτων
752 2885 805 2918 καὶ
824 2885 963 2929 θρασεῖς
981 2885 1108 2929 λόγους
1125 2885 1166 2925 τῇ
1186 2885 1285 2917 πόλει
1305 2883 1524 2928 ἐπαιρόμενος
1542 2884 1577 2917 k.
1674 2880 1690 2908 f
1706 2883 1799 2917 ε’παι-

284 2941 426 2984 ρόμενος
444 2938 588 2984 λόγους]
613 2938 739 2983 λόγους
759 2938 977 2983 ἐπαιρόμενος
995 2937 1069 2971 A.s.
1193 2942 1214 2970 g
1233 2936 1391 2982 τουτωνὶ]
1414 2935 1544 2970 τούτων
1562 2936 1598 2971 k.
1720 2933 1744 2963 ¹²
1759 2936 1801 2970 τὸ

284 2995 386 3037 μέρος
407 2991 440 3024 S.
470 2992 508 3024 τὸ
528 2993 682 3034 πέμπτον
701 2992 802 3036 μέρος
820 2990 937 3036 vulgo.
