1903 3271
42 185 140 238 369,
158 199 209 222 92.
486 184 612 221 ΠΕΡΙ
642 185 753 221 ΤΗΣ
786 184 1247 220 ΠΑΡΑΠΡΕΣΒΕΙΑΣ.
1533 181 1618 223 387

104 296 267 356 βαίνει,
294 296 366 344 δεῖ
386 298 580 345 σκοπεῖν
605 293 709 344 οὐδὲ
742 295 977 360 ῥαθυμεῖν,
1004 294 1117 343 ἀλλ’
1145 295 1182 342 εἰ
1210 291 1285 342 διὰ
1310 292 1499 345 τούτους
1533 292 1611 359 ἐξ·

106 378 244 428 ουσία
282 377 474 442 γε’γονεν
509 378 634 445 αὐτῷ
671 377 796 427 τοῦθ’
826 376 938 426 ὅταν
975 374 1206 439 βούληται
1243 378 1452 438 ποιῆσαι,
1489 378 1616 427 τοῦθ’

106 462 234 526 ὁρᾶν,
268 462 344 510 καὶ
381 459 497 526 πρὸς
535 462 677 510 ἐκεῖνο
713 458 767 510 τὸ
803 459 950 510 δεινὸν
984 458 1192 520 βλέπειν,
1219 460 1295 508 καὶ
1332 457 1449 509 (ὶτὸν
1475 459 1620 510 α’ίτιον

109 547 213 594 Γκαὶ
239 550 253 570 ⁵
269 542 702 609 παρασκευάσαντα
734 543 819 605 τὴν
844 543 1064 611 ἐξουσίαν
1089 541 1262 606 ταύτην
1286 542 1439 609 ἐκείνῳ
1464 545 1712 604 μισεῖν369

109 629 185 677 καὶ
209 630 525 692 τιμωρεῖσθαι.

21 730 101 760 100
183 707 307 760 Οἶδα
344 709 499 759 τοίνυν
537 709 607 759 ὅτι
646 708 752 761 τοὺς
787 707 871 770 μὲν
913 706 1026 773 ὑπὲρ
1069 711 1164 757 τῶν
1202 706 1216 732 t
1236 705 1624 772 κατηγορημένων

108 793 297 842 “αὐτῶν
335 791 507 857 λόγους
544 792 775 858 Αἰσχίνης
817 789 1049 858 φεύξεται,
1092 789 1380 853 βουλόμενος
1423 793 1464 840 δ’
1505 791 1624 852 ὑμᾶς

109 879 170 930 ὡς
231 875 518 942 πορρωτάτω
579 879 673 925 τῶν
730 884 746 901 '¹
765 874 1106 940 πεπραγμένων
1156 873 1354 938 ἀπάγειν
1405 872 1651 941 διέξεισινό

105 960 247 1023 ἡλίκα
286 964 434 1010 πᾶσιν
472 958 735 1023 ἀνθρώποις
777 957 934 1022 ἀγαθὰ
976 960 1025 1007 ἐκ
1068 960 1151 1020 τῆς
1194 957 1373 1022 εἰρήνης
1414 958 1624 1022 γίγνεται

109 1045 185 1094 καὶ
221 1043 491 1094 τούναντίον
529 1045 577 1093 ἐκ
615 1048 697 1093 τοῦ
730 1043 941 1104 πολέμου
974 1041 1107 1103 κακὰ,
1143 1044 1218 1092 καὶ
1257 1041 1381 1095 ὅλως
1420 1041 1626 1107 ἐγκώμια

109 1126 290 1193 εἰρήνης
336 1128 437 1193 ἐρεῖ,
484 1129 559 1177 καὶ
604 1131 821 1176 )’τοιαῦτα
865 1124 1233 1189 ἀπολογήσεται.
1273 1125 1376 1175 ε”στι
1423 1124 1471 1175 δὲ
1515 1126 1626 1174 Ζκαὶ

111 1217 283 1261 8ταῦτα
308 1209 673 1274 κατηγορήματα
699 1207 878 1259 τούτου.
924 1213 961 1258 εἰ
987 1208 1078 1274 γὰρ
1105 1209 1131 1271 ἡ
1159 1213 1254 1262 τοῖς
1280 1209 1448 1262 ἄλλοις
1482 1206 1678 1273 helya-10

447 1290 465 1318 d
1493 1290 1507 1317 f
1520 1292 1629 1355 ἡμῖν

112 1378 236 1427 αἰτία
261 1376 440 1441 γέγονε,
467 1377 515 1426 τί
545 1398 614 1429 τις
649 1373 760 1425 εἶναι
798 1380 936 1425 τοῦτο
975 1382 996 1410 g
1013 1378 1081 1443 φῇ
1117 1374 1246 1438 πλὴν
1272 1375 1341 1425 ὅτι
1377 1379 1504 1441 δῶρα
1534 1383 1625 1425 λα-

112 1460 277 1522 βόντες
316 1460 440 1510 οὗτοι
480 1459 628 1509 καλὸν
666 1463 863 1524 πρᾶγμα
900 1458 1043 1526 φύσει
1078 1457 1096 1484 ¹³

113 1299 209 1345 θῶν
253 1294 403 1344 Οαίτιά
477 1291 719 1342 τοσούτων
765 1290 1058 1357 πραγμάτων
1102 1293 1176 1341 καὶ
1221 1294 1448 1358 εταραχῆς·

1115 1463 1265 1512 κακῶς
1301 1459 1546 1522 διέθηκαν;
1586 1460 1637 1509 τί

26 1545 151 1600 Ῑοιδ’
176 1565 189 1606 3
233 1544 286 1594 οὐ
311 1541 509 1608 τριήρεις
535 1541 821 1607 ἰτριακόσιαι
856 1544 930 1592 καὶ
957 1541 1102 1606 σκεύη
1137 1542 1324 1596 ταύταις
1363 1544 1438 1592 καὶ
1473 1541 1625 1609 ιςχρή-

113 1629 221 1691 μαθ’
251 1628 356 1689 ὑμῖν
394 1625 630 1691 1περίεστι
669 1627 743 1675 καὶ
775 1626 1015 1691 περιέσται
1042 1626 1116 1675 διὰ
1142 1625 1227 1689 τὴν
1253 1625 1469 1691 εἰρήνην;
1514 1626 1630 1679 ἴσως
1645 1649 1680 1681 15

470 1707 483 1723 N

115 1710 172 1760 ἂν
215 1710 351 1760 ε’ίποι.
399 1731 517 1774 προς
561 1707 655 1771 ΠΙΙδὴ
700 1714 847 1758 ταῦτα
891 1716 911 1733 ¹¹
931 1710 1074 1759 ε’κεῖνο
1119 1711 1235 1772 ὑμᾶς
1280 1709 1633 1772 ὑπολαμβάνειν

117 1798 196 1856 δεῖ,
237 1794 308 1845 ὅτι
346 1795 420 1843 καὶ
459 1791 518 1843 τὰ
557 1793 799 1842 Φιλίππου
836 1790 1093 1857 πράγματα
1129 1794 1177 1843 ἐκ
1213 1796 1295 1856 τῆς
1335 1792 1515 1858 εἰρήνης
1548 1792 1630 1858 γε’-

1250 1881 1269 1889 Α

116 1901 253 1943 γονεν
288 1876 582 1941 εὐπορώτερα
619 1879 802 1943 πολλῷ,
830 1878 904 1925 καὶ
942 1887 1288 1929 Οκατασκευαις
1326 1875 1525 1926 Ρὸπλων
1558 1879 1633 1927 καὶ

118 1957 309 2024 εἰχώρας
357 1960 433 2007 καὶ
482 1956 778 2022 1Γπροσόδων,
820 1955 867 2006 αἳ
907 1956 1163 2021 γεγόνασιν
1205 1958 1358 2026 ἐκείνῳ
1407 1956 1686 2022 μεγάλαι.εο

30 2041 347 2108 ιοαγεγόνασι
386 2040 434 2091 δὲ
471 2043 546 2091 καὶ
588 2041 729 2103 5ἡμῖν
766 2040 926 2093 ἴτινές.
967 2042 994 2104 ἡ
1031 2041 1086 2091 δέ
1116 2063 1170 2105 γε
1210 2045 1304 2091 τῶν
1344 2039 1636 2106 πραγμάτων

120 2123 383 2188 κατασκευὴ
422 2127 497 2174 καὶ
534 2129 627 2174 τῶν
668 2122 947 2190 συμμάχων,
988 2127 1046 2174 δι’
1085 2123 1142 2187 ἢν
1177 2123 1244 2188 “ἦ
1282 2126 1435 2177 αὑτοῖς
1475 2122 1503 2187 ἢ
1540 2128 1636 2177 τοῖς

176 2257 194 2284 (Ι
224 2251 283 2284 τὸν
303 2248 426 2295 αἴτιον]
460 2250 499 2283 τὸ
523 2248 629 2283 αἵτιον
649 2255 674 2282 t.
788 2254 802 2272 r
823 2250 875 2282 καὶ
897 2249 979 2282 SX.
1012 2249 1211 2294 Legebatur
1231 2248 1282 2281 καὶ
1301 2249 1371 2281 τόν.
1495 2251 1507 2267 s
1527 2261 1634 2292 παρα-

121 2303 351 2348 σκευάσαντα]
377 2303 755 2347 συμπαρασκευάσαντα
775 2316 829 2346 γρ.
852 2302 896 2340 Q.
1036 2304 1047 2327 t
1067 2301 1361 2347 κατηγορημένων]
1387 2301 1633 2346 κατηγορουμέ-

539 2365 574 2382 OU

123 2412 187 2431 νων
208 2397 320 2432 O.t.u.
432 2404 452 2423 U
473 2398 582 2431 αὐτῶν
599 2398 634 2431 S.
665 2398 865 2443 Legebatur
885 2397 999 2430 αὐτοῦ.
1111 2403 1127 2418 x
1148 2395 1407 2441 πεπραγμένων]
1431 2396 1636 2441 πραγμάτων

124 2451 241 2489 Q.u.v.
351 2456 370 2483 Y
389 2450 543 2495 τοιαῦτα]
567 2453 672 2483 ταῦτα
691 2463 719 2483 r.
845 2455 862 2474 Ζ
883 2451 935 2483 καὶ
955 2462 1025 2484 0111.
1046 2451 1162 2483 A.k.s.
1289 2455 1307 2473 a
1327 2451 1431 2482 ταῦτα
1453 2449 1538 2482 S.O.
1569 2449 1636 2482 Le·

124 2504 270 2550 gebatur
289 2505 392 2536 ταῦτα
412 2505 531 2537 πάντα.
643 2500 662 2527 b
684 2503 835 2548 ἀγαθῶν]
861 2503 1000 2548 ἀγαθοῖς
1021 2503 1107 2541 SQ.
1221 2507 1233 2523 C
1254 2501 1475 2544 αἰτία-ἡμῖν
1495 2514 1565 2535 om.
1589 2501 1634 2539 Q.

125 2557 144 2582 d
163 2555 357 2601 τοσούτων]
383 2554 589 2599 τηλικούτων
608 2569 635 2589 r.
711 2561 726 2580 θ
748 2557 896 2600 ταραχῆς
910 2556 1064 2589 A.S.k.s.
1097 2556 1296 2600 Legebatur
1316 2553 1515 2597 τηλικαύτης
1533 2568 1635 2598 ταρα-

123 2611 197 2654 χῆς.
307 2606 322 2633 f
340 2609 434 2655 ἡμῖν]
460 2609 537 2651 ὑμῖν
556 2621 582 2643 r.
694 2614 710 2636 ἕ
729 2610 779 2653 φῇ
800 2609 982 2642 A.S.k.r.s.
1013 2608 1097 2652 φαίη
1117 2609 1236 2653 vulgo.
1365 2604 1382 2632 h
1405 2610 1510 2642 κακῶς
1528 2607 1637 2649 διέθη-

125 2662 202 2708 καν]
226 2663 380 2705 διέθηκαν
399 2665 504 2697 κακῶς
524 2674 550 2695 r.
695 2658 704 2685 i
723 2661 930 2706 τριακόσιαι]
955 2662 1123 2694 διακόσιαι
1143 2662 1287 2694 A.k.r.s.
1429 2657 1448 2683 k
1469 2658 1632 2705 χρήμαθ’]

125 2724 188 2751 χρη
1620 2709 1639 2746 ὴ

126 2756 263 2801 κτημαθ“
285 2758 324 2791 F.
354 2755 492 2800 κτήμαθ’
515 2757 660 2791 O.t.u.V.
762 2754 773 2781 l
792 2754 948 2801 περίεστι
968 2756 1021 2789 καὶ
1040 2767 1108 2789 om.
1130 2768 1182 2800 pr.
1204 2756 1241 2789 k.
1346 2761 1374 2779 m
1396 2755 1454 2800 δὴ]
1478 2755 1513 2788 δέ
1533 2755 1575 2788 A.
1603 2755 1639 2788 δὲ

128 2810 230 2844 F.r.S.
373 2816 392 2835 Π
415 2810 536 2855 ἐκεῖνο]
562 2808 691 2844 ἐκείνως
710 2822 738 2843 r.
887 2814 905 2832 0
926 2808 1161 2853 κατασκευαῖς]
1187 2809 1388 2841 κατασκευαὶ
1408 2813 1584 2841 correctus
1602 2808 1639 2842 k.

129 2868 145 2891 Ρ
165 2862 281 2896 ὅπλων
301 2874 370 2896 om.
392 2865 438 2901 Q.
551 2868 570 2895 q
589 2862 718 2907 χώρας]
743 2863 868 2906 χώραις
890 2861 1072 2895 O.r.t.11.V.
1199 2868 1214 2887 Ι·
1233 2860 1430 2905 προσόδων]
1454 2860 1641 2904 προσόδοις

128 2916 234 2949 A.r.s.
263 2915 433 2960 πρόσοδοι
453 2916 582 2949 omisso
602 2913 635 2948 αἳ
655 2920 830 2948 correctus
850 2915 886 2947 k.
977 2918 991 2937 S
1013 2914 1106 2959 ἡμῖν]
1132 2913 1222 2958 ἡμῶν
1243 2914 1282 2949 F.
1314 2914 1391 2958 ὑμῖν
1409 2925 1437 2947 r.
1521 2911 1536 2937 t
1553 2912 1642 2951 τινές

129 2973 211 3002 ante
232 2969 283 3002 καὶ
302 2968 403 3014 ponit
422 2980 449 3003 r.
563 2973 582 2992 ¹¹
603 2967 621 3010 ἢ
642 2967 772 3012 αὑτοῖς]
797 2968 927 3002 ἑαυτοῖς
946 2967 1089 3001 A.k.r.s.

833 3041 959 3082 31³2
