1930 3266
279 199 365 240 278
830 197 1259 236 ΔΗΜΟΣΘΕΝΟΎΣ
1343 195 1428 234 On.
1447 194 1630 234 xvm.
1652 208 1694 248 p.
1713 194 1808 245 264,
1829 150 1930 235 ιοςὲι

280 311 399 374 με’να
428 308 668 360 ειἐπέδωκα
704 310 781 359 καὶ
816 309 898 358 οὐκ
931 306 1226 372 ἐλογιζόμην.
1282 308 1307 356 ὁ
1338 306 1422 370 μὲν
1447 305 1541 372 γὰρ
1567 306 1802 372 λογισμὸς

280 394 483 444 εὐθυνῶν
520 394 595 442 καὶ
639 396 734 442 τῶν
773 389 1132 459 δέξετασόντων
1171 391 1459 455 προσδεῖται,
1497 390 1525 452 ἡ
1564 388 1613 438 δὲ
1652 388 1801 455 δωρεὰ

278 476 468 544 χάριτος
527 478 602 525 καὶ
664 477 854 526 ἐπαίνου
913 475 1066 524 δικαία
1115 475 1252 523 οέστὶ
1310 473 1572 540 τυγχάνειν·
1638 472 1798 539 διόπερ

184 582 263 624 145
278 562 404 611 ταῦτ’
445 560 655 627 ἔγραψεν
697 560 767 608 ὁδὶ
807 559 912 623 περὶ
957 559 1085 619 ἐμοῦ·
1139 556 1209 606 ὅτι
1250 558 1287 606 δ’
1328 555 1484 606 ᾱοῧτω
1525 562 1704 606 εξταῦτα
1744 557 1797 607 οὐ
1811 580 1852 602 20

276 644 421 708 μόνον
447 645 494 693 ἐν
525 647 620 695 τοῖς
654 640 825 703 νόμοις,
851 639 982 690 ἀλλὰ
1016 641 1091 689 καὶ
1125 641 1173 689 ἐν
1205 644 1302 693 τοῖς
1329 637 1583 704 Ῐὺμετέροις
1609 639 1798 690 ἕὲθεσιν

276 726 487 793 ὥρισται,
533 724 626 790 ἐγὼ
672 725 841 793 ῥᾳδίως
891 723 1198 790 πολλαχόθεν
1249 723 1402 791 δείξω.
1475 727 1664 789 πρῶτον
1713 721 1800 787 μὲν

275 809 402 875 11γοὶρ
429 811 711 871 Ναυσικλῆς
737 811 1036 873 στρατηγῶν,
1063 808 1131 874 ἐφ’
1162 805 1229 859 οἷς
1262 806 1354 856 ἀπὸ
1386 811 1481 856 τῶν
1516 806 1642 857 ἰδίων
1674 829 1792 872 προ-

274 899 381 956 εῖτο,
432 891 667 945 πολλάκις
724 890 1048 960 ἐστεφάνωται
1099 892 1175 957 ὑφ’
1224 891 1370 952 ὑμῶν·
1437 887 1515 940 εἷθ’
1560 888 1663 940 ἰὅτε
1713 888 1797 943 τὰς

273 977 480 1029 ἀσπίδας
522 974 744 1038 Διότιμος
793 975 934 1026 ε”δωκε
983 978 1058 1026 καὶ
1107 972 1256 1024 πάλιν
1298 973 1585 1039 Χαρίδημος,
1627 971 1649 998 ¹⁵

273 1065 525 1129 φανοῦντο’
573 1058 651 1109 εἶθ’
682 1057 865 1109 Ῑοὺτοσὶ
898 1056 1234 1119 Νεοπτόλεμος
1268 1061 1470 1107 πολλῶν
1505 1056 1656 1122 ε”ργων
1691 1057 1791 1107 ε’πι-

181 1160 261 1210 146
274 1144 453 1208 στάτης
486 1143 563 1206 ὧν,
595 1144 667 1211 ἐφ’
696 1142 763 1196 οἷς
795 1143 1008 1203 ἐπέδωκε,
1041 1141 1295 1204 τετίμηται.
1352 1139 1578 1206 σχέτλιον
1612 1139 1706 1205 γὰρ
1741 1138 1798 1190 ἂν

272 1229 339 1292 εἰἠ
376 1227 513 1279 τοῦτό
552 1250 620 1292 γε,
659 1231 696 1277 εἰ
737 1230 803 1295 τῷ
842 1225 947 1277 τινὰ
988 1224 1139 1292 ἀρχὴν
1180 1225 1372 1291 ἄρχοντι
1413 1224 1441 1289 ὴ
1483 1223 1658 1275 διδόναι
1695 1229 1796 1293 ΙΙ’τῇ

271 1311 410 1364 πόλει
444 1311 503 1362 τὰ
537 1313 701 1362 ἑαυτοῦ
736 1309 811 1360 διὰ
841 1309 927 1373 τὴν
952 1308 1102 1376 ἀρχὴν
1131 1309 1197 1373 μὴ
1225 1309 1427 1377 ἐξέσται,
1454 1307 1483 1373 ἢ
1510 1313 1604 1358 τῶν
1630 1308 1789 1359 δοθέν-

271 1420 366 1447 των
401 1398 503 1446 ἀντὶ
540 1401 622 1446 τοῦ
664 1395 956 1458 κομίσασθαι
996 1392 1135 1460 χάριν
1176 1392 1368 1445 εὐθύνας
1403 1392 1615 1461 ΪΙὺφέξει.
1677 1392 1793 1443 *Ort
1810 1403 1888 1457 265

269 1482 426 1532 τοίνυν
462 1480 589 1530 ταῦτ’
625 1481 780 1542 ἀληθῆ
814 1477 988 1542 ολε’γω,
1026 1476 1137 1542 λέγε
1177 1476 1237 1526 τὰ
1274 1474 1574 1546 ψηφίσματά
1614 1499 1693 1539 μοι
1733 1476 1792 1527 τὰ

267 1562 448 1616 τούτοις
474 1561 765 1628 γεγενημένα
792 1559 910 1610 αὐτὰ
935 1559 1117 1619 λαβών.
1174 1559 1297 1624 λε’γε.

882 1675 1172 1717 ΨΙ-ΙΦΙΣΜΑ.

174 1754 251 1798 147
381 1747 574 1802 θ”Αρχων
610 1749 829 1799 Δημόνικος
864 1748 1029 1793 Φλυεὺς,
1066 1749 1356 1798 βοηδρομιῶνος
1397 1747 1485 1797 ἕκτῃ
1525 1747 1608 1797 μετ’
1640 1746 1818 1796 εἶκάδα,5

323 1817 456 1868 γνώμῃ
477 1819 627 1867 βουλῆς
653 1816 714 1856 καὶ
743 1815 876 1866 δήμου,
902 1814 1081 1855 Καλλίας
1101 1823 1119 1850 <3
1135 1813 1350 1865 Φρεάρριος
1380 1813 1488 1853 εἶπεν
1519 1814 1577 1853 ὅτι
1608 1817 1717 1854 δοκεῖ
1743 1817 1789 1870 τῇ

322 1885 452 1934 βουλῇ
484 1884 546 1923 καὶ
576 1884 628 1937 τῷ
659 1882 762 1937 δήμῳ
792 1886 1051 1934 στεφανῶσαι
1082 1880 1315 1921 Ναυσικλέα
1345 1881 1414 1921 τὸν
1443 1881 1505 1921 ἐπὶ
1536 1885 1612 1921 τῶν
1639 1882 1786 1928 ὅπλων,

323 1952 382 1990 ὅτι
407 1949 627 2001 Ἀθηναίων
649 1952 821 1990 ὁπλιτῶν
842 1950 1048 2002 δισχιλίων
1069 1950 1194 1988 ὄντων
1216 1949 1258 1987 ἐν
1279 1947 1428 2002 Ἴμβρῳ
1452 1948 1513 1988 καὶ
1533 1949 1786 1998 βοηθούντων
1802 1967 1840 1989 ιο

322 2022 402 2059 τοῖς
424 2021 670 2058 κατοικοῦσιν
690 2016 911 2068 Ἀθηναίων
932 2017 1002 2067 τὴν
1025 2019 1160 2066 νῆσον,
1184 2016 1228 2055 οὐ
1250 2015 1465 2066 δυναμένου
1487 2016 1694 2058 ΓΦίλωνος
1720 2019 1788 2057 τοῦ

1664 974 1796 1023 ἐστε-
1809 1001 1847 1032 25

322 2086 385 2125 ἐπὶ
423 2088 488 2135 τῆς
521 2085 746 2135 διοικήσεως
782 2084 1151 2138 κεχειροτονημένου
1183 2085 1245 2123 διὰ
1276 2084 1364 2125 τοὺς
1393 2087 1589 2136 χειμῶνας
1618 2086 1789 2124 πλεῦσαι

321 2153 383 2193 καὶ
411 2155 694 2203 μισθοδοτῆσαι
721 2153 808 2194 τοὺς
835 2153 1012 2199 ὁπλίτας,
1039 2153 1080 2192 ἐκ
1102 2154 1166 2201 τῆς
1192 2152 1289 2193 ἰδίας
1317 2151 1452 2192 οὐσίας
1482 2151 1599 2191 ἔδωκε
1628 2151 1689 2191 καὶ
1718 2152 1787 2192 οὐκ

320 2219 528 2272 εἰσέπραξε
564 2220 633 2260 τὸν
664 2222 797 2270 δῆμον,
832 2220 894 2260 καὶ
926 2220 1189 2272 ἀναγορεῦσαι
1224 2219 1293 2258 τὸν
1325 2218 1528 2270 στέφανον
1560 2220 1835 2267 Διονυσίοιςιῑ,

318 2291 529 2342 τραγῳδοῖς
550 2292 706 2329 καινοῖς.

313 2446 332 2466 a
352 2439 518 2486 ἐπέδωκα]
544 2441 650 2474 ἔδωκα
669 2440 868 2479 A.S.Q.k.s.
975 2437 995 2465 b
1017 2439 1262 2485 ἐξετασόντων]
1288 2439 1510 2484 ἐξεταζόντων
1529 2453 1584 2485 γρ.
1607 2451 1635 2473 S.
1667 2439 1780 2484 ἐξετα-

260 2494 405 2538 ζομένων
425 2495 608 2539 A.k.p.1·.s.
677 2500 694 2518 ⁰
714 2494 788 2527 ἐστὶ
809 2494 1005 2540 τυγχάνειν]
1030 2495 1210 2539 τυγχάνειν
1231 2492 1560 2538 ἐστίΑ.Υ.1ἱ.Ρ.Γ.5.
1629 2489 1648 2517 d
1669 2491 1775 2539 οὕτω]

258 2546 365 2583 οὕτως
386 2548 422 2581 S.
519 2553 535 2572 e
555 2549 661 2581 ταῦτα
681 2548 719 2581 οὐ
740 2547 986 2586 A.F.S.Q.k.s.
1017 2550 1123 2581 ταῦτα
1143 2548 1214 2591 ἕχει
1235 2547 1287 2580 καὶ
1308 2547 1347 2579 οὐ
1367 2547 1485 2592 vulgo.
1575 2542 1590 2570 f
1610 2545 1780 2592 ὑμετέροις

260 2601 348 2640 S.Q.
381 2601 554 2645 ἡμετέροις
572 2601 691 2647 vulgo.
860 2609 880 2637 g
900 2601 1032 2647 ἔθεσιν]
1058 2601 1258 2646 Legebatur
1278 2600 1408 2643 ἤθεσιν.
1454 2599 1600 2633 Col-rexi
1621 2611 1663 2634 ex
1684 2600 1779 2634 Mar-

258 2655 384 2688 cellino
405 2660 440 2689 et
463 2654 623 2699 Sopatro,
645 2667 795 2700 quorum
815 2655 911 2688 locos
930 2655 1008 2689 vide
1029 2655 1065 2688 in
1085 2660 1205 2688 annot.
1242 2653 1345 2687 Conf.
1367 2665 1401 2698 p.
1419 2660 1509 2699 317,
1526 2663 1586 2698 23.
1674 2650 1694 2677 11
1712 2654 1779 2699 γὰρ

256 2719 326 2742 om.
349 2720 376 2742 S.
461 2705 471 2732 i
491 2707 546 2741 ὅτε
566 2708 891 2754 A.F.S.Y.Q.p.r.s.
923 2708 1123 2754 Legebatur
1143 2706 1206 2742 ὅτι.
1294 2705 1310 2728 k
1333 2705 1604 2750 ἐστεφανοῦντο]
1628 2706 1779 2751 ἐστεφα-

255 2763 356 2795 νοῦτο
378 2760 463 2807 O.p.
603 2758 614 2785 Ῑ
634 2762 772 2808 οὑτοσὶ]
797 2760 897 2797 οὗτος
918 2761 1173 2801 F.Y.Q.O.u.v.
1195 2767 1229 2794 et
1248 2773 1302 2806 pr.
1327 2760 1362 2794 S.
1508 2766 1538 2784 ω
1558 2761 1598 2802 τῇ
1618 2761 1718 2794 πόλει
1737 2761 1779 2794 τὰ

255 2815 374 2848 ἑαυτοῦ
397 2815 431 2848 S.
462 2815 504 2848 τὰ
523 2815 642 2848 ἑαυτοῦ
662 2817 702 2859 τῇ
722 2817 821 2849 πόλει
841 2815 959 2861 vulgo.
1068 2820 1088 2838 ὓ
1109 2813 1245 2859 ὑφέξει]
1271 2812 1410 2858 ὑφέξειν
1427 2814 1465 2848 F.
1559 2818 1577 2837 ⁰
1597 2811 1688 2859 λέγω
1707 2825 1777 2848 om.

255 2879 323 2912 p.1·.
354 2869 434 2913 λέγε
455 2880 525 2902 om.
543 2868 587 2903 Y.
716 2874 735 2902 P
758 2869 963 2914 Psepbisma
983 2874 1172 2913 utrumque
1193 2879 1262 2901 om.
1284 2868 1342 2907 A„
1362 2879 1434 2901 uno
1454 2872 1593 2901 tantum
1613 2867 1778 2901 lemmate

254 2921 370 2966 posito
390 2926 616 2957 ΨΗΦΙΣΜΑ.
721 2927 739 2954 q
761 2921 960 2968 Φρεάρριος]
984 2922 1187 2968 φερεάρριος
1206 2933 1278 2956 ΠΝ.
1377 2926 1392 2945 1'
1412 2919 1578 2966 Φίλωνος]
1604 2921 1778 2965 φιάλωνος

255 2973 470 3019 O.p.1·.t.u.v.
