1930 3266
277 197 362 239 286
554 175 557 178 ’
823 201 1252 239 ΔΗΜΟΣΘΕΝΟΎΣ
1334 199 1417 239 On.
1441 197 1624 240 XVIII,
1647 213 1688 255 p.
1707 210 1802 252 272,
1822 216 1859 242 ιε

278 310 458 370 τούτου,
484 310 644 374 ὅμοιόν
670 334 739 377 γε,
767 313 820 362 οὐ
846 311 970 377 γάρ;
1011 310 1077 364 οἷς
1111 313 1222 373 ἐμοῦ
1257 316 1517 377 κατηγορεῖ·
1561 312 1718 377 ἕτερον
1743 312 1792 364 δὲ
1810 336 1844 368 ¹5

187 408 262 452 173
279 395 708 459 ἀναμιμνήσκεσθε.
765 394 841 445 ὅτε
867 394 960 460 γὰρ
989 394 1195 444 Πύθωνα
1221 395 1460 449 Φίλιππος
1493 395 1678 464 ἔπεμψε
1712 396 1794 447 τὸν

280 477 532 543 Βυζάντιον
559 481 634 528 καὶ
663 478 792 545 παρὰ
818 483 913 528 τῶν
939 480 1082 528 αὑτοῦ
1116 477 1383 545 συμμάχων
1409 478 1638 530 ΙΙ’ποῖντων
1672 502 1792 530 συν·

277 561 462 629 έπεμψε
497 562 736 627 πρέσβεις,
764 564 824 614 ὡς
851 564 928 611 11ἐν
955 561 1158 629 αἰσχύνῃ
1183 562 1399 625 ποιήσων
1430 562 1515 624 τὴν
1545 562 1689 613 πόλιν
1722 566 1797 614 καὶ

279 646 445 714 δείξων
472 648 741 707 ἀδικοῦσαν,
769 645 873 696 τότε
909 644 1001 709 ἐγὼ
1037 644 1120 707 μὲν
1146 649 1213 714 τῷ
1242 645 1432 696 Πύθωνι
1461 646 1798 717 θρασυνομένῳ

279 733 353 780 καὶ
404 734 576 797 πολλῷ
625 729 775 795 ῥέοντι
829 730 930 780 καθ’
982 730 1111 792 ὑμῶν
1161 730 1281 796 οούχ
1333 730 1633 796 ὑπεχώρησα,
1683 732 1794 780 ἀλλ’
1809 751 1851 774 20

279 812 490 865 ἀναστὰς
520 815 737 864 ἀντεῖπον
771 815 846 863 καὶ
884 812 943 863 τὰ
981 815 1064 875 τῆς
1101 810 1284 865 πόλεως
1321 813 1474 863 δίκαια
1508 814 1610 880 οὐχὶ
1643 814 1794 880 προῦ-

279 900 418 959 δωκα,
445 898 555 947 ἀλλ’
585 899 833 947 ἀδικοῦντα
860 898 1103 947 Φίλιππον
1133 897 1371 965 ἐξήλεγξα
1406 902 1620 965 φανερῶς
1655 899 1800 951 οὕτως

278 979 401 1030 ὥστε
439 979 547 1033 τοὺς
582 982 753 1032 ἐκείνου
791 980 1072 1047 συμμάχους
1107 979 1273 1033 αὐτοὺς
1308 981 1647 1044 ἀνισταμένους
1679 983 1797 1046 ὀμο-

1459 1066 1470 1083 Ι

278 1068 454 1128 λογεῖν·
499 1063 632 1118 οὗτος
669 1063 717 1115 δὲ
756 1064 1098 1130 συνηγωνίζετο
1137 1066 1211 1115 καὶ
1246 1066 1497 1115 Ρτάναντια
1527 1065 1850 1133 (ἶέμαρτύρεικ5
1878 1107 1879 1111 ,

278 1151 336 1214 τῇ
362 1149 563 1214 πατρίδι,
591 1151 666 1198 καὶ
693 1155 838 1200 ταῦτα
864 1151 1034 1218 ψευδῆ.

186 1247 267 1289 174
356 1235 451 1283 Καὶ
501 1234 584 1284 οὐκ
634 1234 815 1302 ἀπέχρη
865 1240 1025 1296 ταῦτα,
1077 1233 1240 1284 Γἀλλά
1287 1234 1436 1285 πάλιν
1493 1233 1610 1298 μετὰ
1665 1236 1796 1286 ταῦθ’

279 1318 502 1382 8ὕστερον
529 1318 542 1343 t
561 1318 796 1386 Ἀναξίνῳ
829 1322 894 1387 τῷ
928 1317 1215 1387 κατασκόπῳ
1248 1318 1424 1368 συνιὼν
1455 1322 1517 1372 εὶς
1547 1317 1633 1382 τὴν
1660 1318 1794 1384 Θρᾶ·

278 1425 433 1456 σωνος
460 1403 608 1453 οἰκίαν
634 1402 840 1471 ἐλήφθη.
895 1405 1043 1453 καίτοι
1070 1402 1202 1456 ὅστις
1228 1407 1293 1471 τῴ
1325 1402 1413 1453 ὑπὸ
1439 1407 1533 1453 τῶν
1559 1403 1800 1465 πολεμίων
1816 1428 1864 1470 27

277 1487 540 1554 πεμφθέντι
578 1487 720 1551 μόνος
760 1486 888 1557 μόνῳ
922 1485 1124 1554 “συνῄει
1163 1489 1238 1537 καὶ
1276 1488 1627 1552 ἐκοινολογεῖτο,
1667 1486 1801 1540 οὗτος

279 1570 417 1625 αὐτὸς
463 1573 642 1639 ὑπῆρχε
692 1576 750 1639 τῇ
795 1572 940 1640 φύσει
989 1570 1292 1624 κατάσκοπος
1342 1573 1418 1621 καὶ
1467 1570 1692 1632 πολέμιος
1741 1574 1800 1638 τῇ

277 1656 482 1721 πατρίδι.
565 1658 659 1706 Καὶ
698 1656 769 1706 ὅτι
806 1659 931 1706 ταῦτ’
964 1657 1120 1719 ἀληθῆ
1161 1655 1300 1720 λέγω,
1335 1654 1468 1704 κάλει
1505 1677 1584 1718 μοι
1623 1655 1803 1706 τούτων

277 1737 385 1792 τοὺς
416 1739 671 1806 μάρτυρας.

878 1829 1198 1869 ΜΑΡΤὙΡΕΣ.
1813 1841 1830 1873 5

188 1902 263 1944 ¹75
394 1898 652 1950 ΧΤελέὸημος
693 1899 892 1949 Κλέωνος,
931 1898 1192 1950 ΥὛπερείὸης
1233 1902 1532 1952 Καλλαίσχρου,
1575 1900 1802 1953 Νικόμαχος

337 1966 567 2018 Διοφάντου
595 1971 835 2019 μαρτυροῦσι
857 1967 1107 2018 Δημοσθένει
1133 1968 1195 2007 καὶ
1223 1967 1478 2017 ἐπωμόσαντο
1502 1967 1565 2007 ἐπὶ
1587 1971 1662 2007 τῶν
1685 1984 1802 2019 στρα-

335 2035 464 2083 τηγῶν
490 2031 634 2072 εἰδέναι
656 2034 851 2085 Αἰσχίνην
871 2031 1112 2084 Ἀτρομήτου
1139 2033 1364 2083 Κοθωκίδην
1391 2035 1684 2086 συνερχόμενον
1714 2051 1802 2075 νυκ-

335 2098 402 2141 τὸς
431 2101 485 2139 εἷς
511 2099 582 2149 τὴν
609 2099 829 2150 Θράσωνος
856 2101 982 2140 οἰκίαν
1016 2100 1077 2139 καὶ
1109 2102 1463 2152 κοινολογούμενον
1491 2099 1728 2156 ΖἈναξίνῳ,
1757 2100 1801 2144 ὃς
1817 2120 1855 2142 ιο

336 2167 467 2218 ἐκρίθη
500 2167 600 2207 εἶναι
636 2167 882 2210 κατάσκοπος
913 2170 1047 2219 ἔὶπαρὰ
1077 2168 1291 2207 Φιλίππου.
1338 2168 1450 2208 αὗται
1480 2169 1731 2219 ἀπεδόθησαν
1761 2170 1802 2210 αἱ

560 2235 577 2259 b

335 2236 540 2287 μαρτυρίαι
587 2237 649 2276 ἐπὶ
671 2237 822 2283 Νικίου,
847 2238 1188 2286 οἑκατομβαι6ῖ>νος
1208 2235 1337 2287 (Ῑτρίτῃ
1362 2235 1585 2286 ἱσταμένου.

187 2316 264 2368 175
354 2315 518 2380 Μυρία
562 2316 718 2365 τοίνυν
758 2316 901 2381 θὲτερ’
945 2319 1089 2366 εἰπεῖν
1136 2315 1255 2382 ε”χων
1298 2317 1404 2381 περὶ
1449 2315 1592 2366 αὐτοῦ
1639 2338 1795 2382 παρα·
1817 2343 1852 2374 15
1880 2332 1889 2337 ”

335 2483 364 2502 ¹1¹
384 2479 519 2511 πάντων
538 2478 769 2523 A.S.Y.p.r.s.
798 2480 932 2512 πάντως
952 2478 987 2512 k.
1019 2476 1176 2511 ἁπάντων
1195 2477 1314 2523 vulgo.
1390 2482 1409 2501 Π
1430 2477 1466 2511 ἐν
1485 2488 1555 2511 om.
1577 2477 1623 2512 O.
1699 2483 1718 2502 ⁰
1737 2478 1803 2523 οὐχ

280 2531 415 2570 B.S.Q.
437 2544 518 2565 eum
539 2532 696 2565 Diodoro
721 2531 779 2571 16,
798 2530 859 2577 85.
910 2531 1111 2577 Legebatur
1137 2531 1197 2564 οὐκ
1223 2527 1296 2575 εἶξα
1324 2529 1407 2569 οἷδ’,
1429 2531 1524 2576 quod
1550 2543 1570 2564 a
1595 2543 1642 2565 m.
1671 2543 1739 2566 sec.
1765 2531 1802 2565 in

279 2597 390 2631 marg.
417 2585 523 2619 habet
551 2586 587 2619 S.
643 2585 811 2619 Ceterum
839 2585 876 2618 in
905 2585 940 2618 S.
969 2585 1029 2618 οὐκ
1058 2584 1264 2628 ὑπεχώρησα
1295 2584 1477 2629 scriptum,
1505 2585 1803 2630 quemadmodum

279 2638 373 2672 idem
393 2638 474 2672 alibi
494 2639 553 2672 οὐκ
575 2637 759 2673 ὑπεύθυνος
779 2644 814 2673 et
834 2638 969 2672 Similia.
1074 2643 1093 2671 P
1113 2637 1288 2682 τάναντία]
1311 2638 1353 2670 τὰ
1373 2637 1504 2671 ἐναντία
1526 2637 1562 2672 S.
1660 2644 1678 2671 q
1699 2638 1801 2684 ἐμαρ-

279 2691 390 2737 τύρει]
415 2691 660 2738 συνεμαρτύρει
680 2692 715 2726 k.
810 2697 826 2717 Ι·
844 2691 952 2737 ἀλλὰ]
976 2691 1067 2725 ἀλλὰ
1087 2691 1140 2725 καὶ
1159 2690 1358 2726 Y.O.t.u.v.
1456 2695 1470 2715 S
1491 2689 1637 2737 ὕστερον
1655 2697 1737 2726 ante
1756 2693 1804 2739 τῷ

279 2745 381 2791 ponit
399 2746 435 2779 k.
520 2744 533 2770 t
551 2744 733 2791 Ἀναξι’νῳ“1
758 2745 933 2790 ἀναξεινωι
953 2745 994 2778 L.
1024 2744 1157 2789 ἀξείνωι
1175 2744 1218 2778 Y.
1248 2744 1351 2791 ἀξίνῳ
1369 2759 1424 2790 γρ.
1446 2743 1534 2783 ἙΗΩ
1619 2749 1642 2769 ¹¹
1661 2743 1797 2791 συνῄει]

281 2796 396 2842 συνείη
415 2811 445 2834 r.
590 2804 608 2823 X
628 2798 818 2842 Τελέδημος
839 2798 1089 2844 F.S.Y.Q.p.r.
1111 2798 1258 2844 primam
1279 2798 1432 2832 litteram
1451 2809 1522 2832 om.
1541 2802 1569 2832 t.
1601 2796 1803 2842 Μελέδημος

280 2852 400 2898 vulgo.
430 2852 622 2895 Τελέδαμος
638 2851 791 2897 Ἀργεῖος
811 2858 864 2886 est
883 2864 918 2897 p.
933 2862 953 2897 3
967 2862 1024 2896 24,
1044 2862 1102 2886 10.
1132 2851 1389 2885 Testimonium
1409 2863 1479 2885 om.
1495 2850 1537 2885 A.
1642 2856 1661 2884 Υ
1678 2850 1800 2896 ’Υπερ-

281 2905 370 2948 είδης
392 2906 426 2939 S.
459 2905 682 2939 scribebatur
700 2905 888 2949 Ὑπερίδης.
974 2911 992 2929 Ζ
1011 2905 1192 2951 ἈναξίνῳἾΔ
1217 2905 1378 2951 ἀναξείνῳ
1400 2904 1435 2938 S.
1520 2909 1540 2929 a
1558 2904 1650 2950 παρὰ
1669 2915 1740 2939 om.
1755 2903 1799 2939 Ο.

281 2954 302 2982 b
322 2958 392 3004 ἐπὶ]
415 2959 505 3004 παρὰ
527 2959 644 2993 O.u.v.
712 2964 729 2984 ⁰
749 2958 1035 3004 ἑκατομβαιῶνος]
1058 2960 1323 3000 ἐκατονβαιῶνος
1343 2958 1379 2992 S.
1447 2953 1465 2982 d
1484 2955 1600 3003 τρίτῃ]
1623 2957 1739 3003 τρίτης
1754 2957 1800 2994 Ο.

282 3016 299 3035 ²
319 3009 416 3057 ἕτερα
434 3017 516 3058 post
535 3013 622 3057 ἔχων
640 3013 742 3059 ponit
760 3012 796 3046 k.
827 3011 1072 3058 ἕτερ’-αὐτοῦ
1091 3023 1161 3046 om.
1181 3023 1234 3058 pr.
1255 3010 1300 3050 Q.
