1903 3271
10 183 188 237 —361,4.
479 188 605 224 ΠΕΡΙ
635 187 745 223 ΤΗΣ
779 185 1241 222 ΠΑΡΑΠΡΕΣΒΕΙΑΣ.
1535 181 1619 221 377

107 301 202 349 τοῖς
241 296 437 363 χρόνοις,
474 295 541 349 οἷς
583 296 905 361 ἀπήγγελλον,
945 293 1012 347 οἷς
1056 293 1281 360 ἔγραφον,
1327 296 1476 342 πᾶσιν
1521 292 1619 359 ἐξε-

107 379 359 445 λέγχονται
398 378 800 444 συνηγωνισμένοι
841 377 1065 444 Φιλίππῳ
1102 377 1176 424 καὶ
1207 375 1436 424 συναίτιοι
1473 396 1613 438 γεγο-

40 468 92 508 68
108 461 234 515 νότες
253 468 335 512 τοῦ
354 467 446 513 τῶν
467 462 669 512 Φωκέων
689 461 903 527 ὀλέθρου.
945 460 1011 510 ἔτι
1029 460 1184 510 τοίνυν
1204 457 1257 508 τὸ
1276 459 1504 521 μηδεμίαν
1524 462 1618 508 τῶν

104 544 291 596 πόλεων
317 550 410 596 τῶν
436 548 483 596 ἐν
510 549 756 596 Φωκεῦσιν
777 546 956 594 ἁλῶναι
980 541 1230 608 πολιορκίᾳ
1256 542 1358 604 μηδ’
1388 541 1438 590 ἐκ
1463 562 1615 604 προσ-
1634 563 1671 584 10

103 632 254 692 βολῆς
297 629 416 679 κατὰ
457 629 638 695 κράτος,
685 630 794 678 ἀλλ’
835 630 884 678 ἐκ
929 633 1012 677 τοῦ
1063 626 1389 676 11σπείσασθαι
1438 622 1618 677 πάντας

104 712 249 777 ἄρδην
275 711 554 773 ἀπολέσθαι,
581 710 808 776 μέγιστόν
839 712 942 760 ἐστι
968 713 1164 772 σημεῖον
1199 713 1282 757 τοῦ
1317 705 1393 757 διὰ
1427 705 1618 759 τούτους

101 794 380 848 πεισθέντας
399 793 565 847 αὐτοὺς
592 796 653 848 ὡς
680 793 769 844 ὑπὸ
796 799 878 844 τοῦ
905 792 1149 842 Φιλίππου
1175 789 1480 853 σωθήσονται
1506 794 1617 839 ταῦ-

101 902 160 929 τα
195 879 473 929 παθεῖν·οὐ
499 901 592 943 γαρ
627 876 798 927 ἐκεῖνόν
823 899 876 942 γε
912 874 1123 941 ἠγνόουν.
1166 874 1277 942 φέρε
1310 873 1419 937 δή0
1427 896 1506 936 μοι
1541 895 1616 923 και
1633 895 1667 926 10

102 961 187 1026 τὴν
213 962 490 1028 συμμαχίαν
514 984 599 1024 την
633 965 727 1010 τῶν
760 960 961 1010 Φωκέων
995 961 1071 1009 καὶ
1106 958 1165 1009 τὰ
1191 957 1417 1023 δόγματα,
1446 959 1521 1025 ὑφ’
1552 955 1617 1007 ὡν

101 1049 348 1096 Ρκαθεῖλον
388 1045 540 1095 αὐτῶν
585 1043 644 1094 τὰ
683 1045 826 1109 τείχη,
872 1044 925 1093 ἵν’
973 1045 1118 1105 εἰδῆτε
1160 1042 1268 1091 οἵων
1312 1040 1618 1107 ὑπαρχόντων

101 1130 256 1182 αὐτοῖς
299 1129 408 1194 παρ’
454 1130 582 1191 ὑμῶν
622 1125 713 1177 (ὶῶν
758 1127 922 1192 ἔτυχον
961 1124 1036 1175 διὰ
1081 1124 1305 1177 Γτούτους
1349 1123 1455 1177 τοὺς
1497 1127 1617 1176 θεοῖς

99 1213 307 1280 ἐχθρούς.
347 1213 473 1277 λέγε.

33 1304 87 1355 69
299 1312 646 1352 SETMMAXIA
683 1311 929 1352 ΦΩΚΕΩΝ
966 1311 1064 1351 ΚΑΙ
1101 1309 1427 1350 ΑΘΗΝΑΙΩΝ.

163 1380 231 1433 ΔΑ
267 1381 370 1445 ιμὲν
404 1384 558 1433 τοίνυν
594 1385 770 1449 ὑπῆρχε
808 1388 918 1447 παρ’
958 1383 1088 1445 ὑμῶν
1123 1381 1290 1440 αὐτοῖς,
1325 1381 1452 1430 ταῦτ’
1494 1380 1670 1437 6’0··1·2,20

99 1467 252 1534 φιλία,
292 1467 553 1533 συμμαχία,
592 1465 801 1560 βοήθεια·
844 1463 909 1515 ὧν
941 1466 977 1515 δ’
1018 1464 1182 1530 ε”τυχον
1225 1462 1299 1513 διὰ
1331 1468 1497 1513 τοῦτον
1532 1461 1614 1513 τὸν

96 1554 335 1615 βοηθῆσαι
359 1549 705 1601 “κωλυ’σανθ
697 1551 847 1612 ὑμᾶς,
875 1547 1122 1598 ἀκούσατε.
1168 1547 1291 1611 λέγε.

323 1648 623 1688 ΟΜΟΛΟΓΙΑ
660 1646 956 1687 ΦΙΛΙΠΠΟΥ
991 1646 1088 1686 ΚΑΙ
1127 1645 1387 1685 ΦΩΚΕΩΝ.

168 1719 437 1781 ΥἈκούετε,
484 1716 520 1769 ὦ
570 1719 731 1784 ἄνδρες
785 1720 1040 1781 Ἀθηναῖοι.
1098 1718 1329 1781 ὁμολογία
1369 1716 1612 1767 Φιλίππου
1626 1742 1662 1773 25

96 1806 170 1854 καὶ
217 1803 432 1865 Φωκέων,
472 1804 636 1871 φησιν,
675 1802 777 1868 οὐχὶ
819 1801 1048 1864 Θηβαίων
1091 1802 1166 1849 καὶ
1210 1799 1428 1857 Φωκέων,
1472 1800 1613 1850 Ζούδὲ

95 1891 353 1938 Θετταλῶν
400 1888 475 1936 καὶ
521 1886 736 1947 Φωκέων,
778 1884 881 1934 οὐδὲ
925 1888 1136 1950 Λοκρῶν,
1182 1882 1285 1934 οὐδὲ
1326 1883 1481 1933 ἄλλου
1519 1888 1613 1933 τῶν

93 1970 341 2037 παρόντων
379 1968 574 2023 οὐδενός·
615 1973 691 2019 καὶ
729 1967 878 2019 πάλιν
915 1970 1204 2033 παραδοῦναι
1247 1966 1295 2017 δὲ
1328 1965 1412 2019 τὰς
1449 1965 1612 2020 πόλεις

94 2054 312 2107 ἆΦωκέας
363 2056 486 2121 φησὶ
531 2054 770 2120 Φιλίππω,
816 2052 919 2118 οὐχὶ
963 2052 1193 2114 Θηβαίοις
1245 2049 1375 2100 ὺούδὲ
1423 2054 1605 2100 Germ-
1624 2063 1704 2116 361

28 2159 81 2199 70
94 2143 196 2191 λοις
230 2137 333 2188 οὐδε
360 2137 498 2187 ἄλλω
537 2137 700 2187 οὐδενί.
744 2134 819 2185 δια
857 2136 932 2196 τίς
978 2134 1048 2185 ὅτι
1084 2135 1323 2187 Φίλιππος
1358 2133 1606 2198 ἀπηγγελ-

92 2229 202 2271 λετο
235 2220 353 2287 πρὸς
392 2222 510 2283 ὑμᾶς
545 2219 635 2270 ὑπὸ
661 2218 827 2270 τούτου
853 2220 927 2268 ἐπι
951 2222 1009 2285 τῇ
1047 2222 1140 2267 τῶν
1169 2216 1371 2267 Φωκέων
1397 2217 1610 2284 σωτηρία

93 2306 484 2371 παρεληλυθέναι.
534 2303 683 2371 τούτῳ
735 2301 791 2365 δὴ
843 2300 1008 2352 οπάντ’
1062 2301 1320 2361 ἐπίστευον,
1373 2301 1447 2349 καὶ
1491 2298 1610 2365 πρὸς

149 2444 163 2460 ‘¹
186 2439 415 2485 σπείσασθαι]
440 2437 628 2472 πείσασθαι
647 2443 674 2471 t.
819 2442 836 2460 0
856 2450 911 2479 μοι
935 2437 987 2470 καὶ
1007 2448 1075 2470 om.
1098 2436 1213 2469 A.k.s.
1355 2440 1373 2468 P
1394 2434 1551 2468 καθεῖλον
1573 2434 1607 2468 S.

92 2494 247 2528 καθεῖλεν
266 2493 384 2538 vulgo.
525 2499 542 2526 ‘1
565 2487 611 2525 ὧν
632 2491 712 2524 S.Y.
744 2490 942 2535 Legebatur
963 2487 1052 2522 οἵων.
1191 2495 1206 2513 1'
1226 2487 1384 2532 τούτους]
1408 2488 1569 2520 τουτουσὶ
1589 2499 1610 2521 a

91 2559 138 2580 m.
161 2546 305 2591 antiqua
324 2550 500 2579 correctus
522 2544 556 2577 S.
705 2548 719 2567 S
740 2542 915 2586 Συμμαχία
936 2543 1076 2575 Φωκέων
1096 2542 1148 2575 καὶ
1167 2538 1351 2584 Ἀθηναίων
1372 2540 1407 2574 S.
1429 2545 1463 2573 et
1482 2554 1537 2584 γρ.
1559 2539 1605 2578 Q.

92 2597 268 2643 συμμαχία
289 2597 429 2643 φωκέων
444 2598 496 2631 καὶ
516 2597 664 2639 θηβαίων
680 2595 880 2634 F.Y.Q.r.t.
925 2595 1077 2640 δόγματα
1097 2594 1274 2637 συμμαχία
1294 2593 1442 2635 θηβαίων
1462 2593 1515 2625 καὶ
1535 2593 1608 2636 φω-

91 2655 173 2686 κέων
193 2651 309 2686 O.u.V.
340 2650 515 2694 συμμαχία
535 2650 675 2693 φωκέων
694 2649 813 2684 A.k.s.
845 2647 1021 2692 συμμαχία
1042 2645 1228 2689 Ἀθηναίων
1256 2647 1310 2679 καὶ
1332 2646 1471 2678 Φωκέων
1486 2645 1605 2691 vulgo.

90 2704 105 2730 t
135 2706 219 2739 Post
247 2705 308 2747 μὲν
335 2704 372 2737 'm
403 2704 439 2738 S.
468 2703 597 2747 legitur
622 2716 660 2734 ον
685 2701 826 2747 punctis
851 2707 1025 2740 notatum,
1045 2700 1088 2733 ab
1115 2700 1182 2733 alia
1200 2711 1246 2732 m.
1274 2699 1310 2732 in
1338 2697 1397 2731 οὖν
1419 2703 1606 2732 mutatum.

91 2765 112 2783 ¹1
142 2756 332 2792 κωλύσανθ“
355 2757 390 2790 S.
421 2754 621 2789 κωλύσαντα
646 2755 764 2800 vulgo.
793 2751 992 2787 κωλύσοντα
1012 2753 1052 2786 A.
1208 2757 1225 2774 Χ
1255 2749 1357 2795 ὑμᾶς]
1389 2750 1474 2794 ἡμᾶς
1492 2751 1604 2785 A.k.s.

90 2816 109 2843 y
127 2809 301 2855 Ἀκούετε]
325 2807 494 2843 ἀκούσατε
515 2820 542 2842 s.
637 2813 654 2831 Ζ
674 2808 751 2841 οὐδὲ
773 2808 955 2840 Θετταλῶν
975 2806 1027 2839 καὶ
1046 2806 1186 2838 Φωκέων
1201 2816 1273 2838 om.
1295 2804 1341 2842 Q.
1436 2809 1455 2828 a
1474 2805 1608 2839 Φωκέας

89 2865 179 2907 φησὶ
200 2863 282 2897 S.Y.
311 2863 402 2906 φησὶ
420 2862 553 2895 Φωκέας
571 2860 689 2905 vulgo.
826 2856 846 2883 b
867 2859 943 2892 οὐδὲ
965 2857 1169 2903 Θετταλοῖς]
1195 2858 1248 2891 καὶ
1268 2857 1443 2892 θετταλοῖς
1462 2857 1498 2891 k.
1530 2857 1608 2901 οὐχὶ

90 2917 265 2951 θετταλοῖς
285 2915 396 2954 QLV.
472 2919 488 2938 ⁰
507 2914 617 2946 πάντα
635 2913 691 2946 vel
709 2911 805 2946 πάντ’
821 2912 910 2945 Α.Β.
935 2912 995 2954 (et,
1016 2916 1056 2944 ut
1075 2911 1211 2956 opinor,
1234 2911 1288 2954 F.)
1308 2909 1604 2945 S.O.k.r.S.t.u.V.

89 2969 212 3004 πάντες
230 2969 348 3015 vulgo,
369 2967 464 3014 quod
484 2966 648 3000 Reiskius
668 2978 711 3000 ex
730 2966 938 3011 Augustano
960 2964 1113 2998 secundo
1133 2964 1262 3009 posuit.

148 3043 245 3071 VOL.
265 3044 295 3071 1.
811 3040 834 3080 3
860 3039 881 3064 (1
