1882 3250
83 172 173 213 130,
192 176 241 199 21.
631 162 771 199 ΚΑΤΑ
804 160 1080 198 ΦΙΛΙΠΠΟὙ
1109 162 1152 199 Γ.
1570 158 1652 201 139

139 277 388 325 ποιοῦντας
437 270 542 322 τότε
592 273 668 321 καὶ
714 269 822 324 τοὺς
867 270 1044 324 ἄλλους
1084 270 1334 333 ’Έλληνας
1375 274 1648 334 συγκαλεῖν,

140 355 377 421 συνάγειν,
405 355 655 418 διδάσκειν,
682 359 924 406 νουθετεῖν·
964 356 1090 405 ταῦτ’
1118 356 1220 404 ἐστὶ
1244 353 1429 406 πόλεως
1463 352 1648 420 ἀξίωμα

75 451 126 491 88
140 438 340 506 ἐχούσης
384 439 548 502 ἡλίκον
599 440 704 501 ὑμῖν
754 437 965 505 ὑπάρχει.
1009 442 1046 488 εἰ
1096 439 1133 488 δ’
1181 437 1336 487 οἴεσθε
1379 435 1647 488 Χαλκιδέας

177 521 188 535 ἱ
272 523 283 537 t
419 522 431 536 Ι
595 523 608 538 Ι
760 521 777 539 ’Χ
1023 521 1035 534 Ι
1155 522 1165 536 t
1230 526 1249 534 Λ
1341 521 1350 534 ’
1398 525 1417 545 a
1449 521 1458 533 ἱ
1604 517 1614 534 Ι

138 545 224 586 την
289 525 491 572 Ελλαδα
537 545 715 572 σωσειν
755 546 784 586 η
832 525 1098 586 Μεγαρεας,
1143 543 1268 584 υμεις
1313 521 1340 568 δ
1433 521 1674 583 αποδρα-5

137 610 312 656 σεσθαι
353 605 412 655 τὰ
445 606 713 671 πράγματα,
754 606 835 656 οὐκ
869 607 1018 671 ὀρθῶς
1053 604 1221 654 οἴεσθε·
1266 601 1510 668 ἀγαπητὸν
1539 601 1646 668 γὰρ,

135 687 248 738 δέἃν
287 690 415 739 αὐτοὶ
456 689 696 755 σώζωνται
740 687 918 739 τούτων
963 687 1168 738 ἕκαστοι.
1209 687 1319 736 ἀλλ’
1364 687 1469 748 ὑμῖν
1507 690 1645 735 τοῦτο

133 773 377 839 πρακτέον·
423 774 529 836 ὑμῖν
549 776 590 822 οὶ
616 771 839 839 πρόγονοι
864 777 1002 822 τοῦτο
1028 770 1104 820 οτὸ
1125 769 1264 836 γέρας
1290 767 1550 832 ἐκτήσαντο
1569 772 1645 818 καὶ

793 853 812 880 d

133 855 387 906 κατέλιπον
412 855 530 919 μετὰ
555 860 755 906 πολλῶν
829 857 904 905 καὶ
941 852 1164 919 μεγάλων
1200 852 1437 903 κινδύνων.
1479 856 1516 902 εἷ
1551 853 1589 901 δ’
1620 851 1699 902 ὃῐο

132 937 356 1000 βούλεται
391 938 538 1004 ζητῶν
579 939 777 992 ἕκαστος
812 940 1082 999 καθεδεῖται,
1115 938 1189 987 καὶ
1225 935 1351 988 ὅπως
1385 934 1530 1000 μηδὲν
1555 937 1639 986 αὐ-

69 1033 120 1087 89
133 1021 212 1075 τὸς
245 1021 465 1085 εποιήσει
495 1027 703 1084 σκοπῶν,
728 1027 916 1087 πρῶτον
952 1021 1036 1084 μὲν
1076 1020 1154 1071 fos)
1187 1020 1360 1085 μήποθ’
1389 1022 1498 1088 εὕρῃ
1537 1021 1645 1073 τοὺς

131 1106 430 1170 ποιήσοντας,
472 1106 630 1157 ἔπειτα
671 1106 852 1157 δέδοικα
894 1106 1019 1160 ὅπως
1063 1106 1128 1169 μὴ
1172 1104 1310 1156 πάνθ’
1359 1103 1505 1167 ἕᾶμα,
1548 1104 1643 1156 ὅσα

129 1189 150 1216 ¹³
166 1191 219 1240 οὐ
244 1188 530 1251 βουλόμεθα,
556 1194 704 1240 ποιεῖν
730 1190 838 1253 ἡμῖν
864 1189 1045 1254 ἀνάγκη
1074 1188 1303 1254 ἰγένηται.
1656 1208 1692 1239 15

11 1268 14 1275 ¹
65 1298 118 1339 90
201 1269 331 1335 Ἐγὼ
369 1270 453 1333 μὲν
488 1269 544 1334 δὴ
585 1276 733 1321 ταῦτα
773 1271 913 1336 λέγω,
957 1277 1104 1322 ταῦτα
1137 1271 1325 1339 γράφω·
1374 1274 1449 1321 καὶ
1487 1272 1641 1335 οἴομαι

128 1357 204 1404 καὶ
230 1359 312 1404 νῦν
348 1353 414 1404 ἔτι
451 1355 832 1420 ἐπανορθωθῆναι
859 1354 915 1404 ἂν
940 1354 999 1405 τὰ
1024 1354 1282 1421 πράγματα
1319 1356 1497 1405 τούτων
1528 1377 1636 1421 γιγ-

128 1436 342 1500 νομένων.
383 1440 420 1487 εἰ
459 1437 514 1487 δέ
541 1460 610 1490 τις
644 1436 766 1504 1(ἔχει
805 1460 850 1488 τι
886 1437 1064 1487 τούτων
1101 1436 1322 1498 1βέλτιον,
1350 1438 1528 1503 λεγέτω
1566 1442 1640 1489 καὶ

813 1526 832 1534 Α

126 1520 506 1584 συμβουλευέτω.
550 1520 574 1571 ὅ
609 1543 653 1570 τι
680 1521 718 1570 δ’
749 1523 854 1584 ὑμιν
880 1520 1065 1588 111δόξει,
1091 1521 1229 1582 τοῦτ’,
1257 1519 1293 1570 ὦ
1319 1520 1492 1576 πάντες
1531 1525 1639 1586 θεοὶ,
1655 1548 1695 1570 20

127 1611 146 1629 ¹¹
154 1603 424 1668 συνενέγκοι
432 1611 450 1629 ⁰
457 1645 466 1654 .

181 1757 200 1776 a
227 1750 485 1797 ἀποδράσεσθαι
517 1751 553 1786 S.
588 1751 830 1799 ἀποδράσεσθε
849 1753 966 1798 vulgo.
1132 1748 1151 1777 b
1181 1752 1237 1786 ἐὰν
1259 1752 1293 1786 S.
1345 1753 1567 1788 Scribebatur
1587 1754 1637 1789 ἄν.

126 1809 143 1829 ⁰
161 1806 200 1838 τὸ
219 1805 320 1851 γέρας
339 1805 374 1838 in
395 1805 552 1850 margine
572 1805 614 1839 Y.
736 1802 755 1830 d
782 1807 833 1839 καὶ
852 1805 1027 1851 μεγάλων]
1052 1806 1104 1839 καὶ
1125 1807 1235 1839 καλῶν
1255 1806 1306 1839 καὶ
1325 1807 1483 1852 μεγάλων
1504 1808 1636 1842 F.Y.O.

126 1870 196 1892 u.v.
283 1863 300 1882 e
320 1857 472 1904 ποιήσει]
498 1858 626 1902 ποιήσῃ
646 1871 699 1904 pr.
722 1859 758 1893 S.
782 1865 816 1893 et
844 1859 938 1893 Y.O.
1024 1856 1038 1883 f
1055 1859 1112 1904 οὐ]
1135 1859 1212 1892 οὐδὲ
1235 1859 1446 1894 S.Y.O.u.v.
1530 1867 1551 1894 g
1570 1860 1638 1905 ἅμα

127 1911 285 1946 addjtum
305 1923 348 1945 ex
370 1911 405 1945 S.
517 1908 538 1935 h
559 1911 613 1956 οὐ]
636 1912 680 1955 μὴ
702 1912 820 1946 O.u.v.
933 1910 940 1937 ἱ
963 1913 1097 1958 γένηται
1118 1912 1323 1946 A.O.S.u.v.
1359 1913 1559 1959 Legebatur
1577 1929 1634 1960 γε-

127 1964 275 2007 νήσεται.
324 1964 408 1997 Post
429 1964 523 2009 quod
542 1965 687 1998 verbum
717 1966 909 2000 addebatur
938 1965 966 1998 εἷ
990 1966 1056 2010 γὰρ
1084 1964 1183 2008 ἦσαν,
1204 1964 1332 2010 εὕρηντ’
1353 1964 1393 1999 ἂν
1417 1968 1523 2000 πάλαι
1544 1967 1638 2002 ἕνεκά

124 2031 165 2062 γε
191 2020 252 2051 τοῦ
280 2017 383 2061 μηδὲν
411 2017 496 2060 ἡμᾶς
521 2019 639 2053 αὐτοὺς
671 2021 780 2053 ποιεῖν
806 2019 945 2053 ἐθέλειν·
976 2017 1053 2052 ἀλλ’
1083 2019 1142 2052 οὐκ
1172 2018 1269 2052 εἶσίν.
1300 2031 1370 2064 quo
1397 2021 1636 2055 additamento

125 2077 243 2104 carent
264 2070 467 2105 F.S.O.u.v.
581 2068 598 2095 k
619 2072 690 2116 ἕχει
709 2087 742 2106 τι
761 2071 890 2106 τούτων
909 2072 951 2106 A.
981 2072 1181 2117 Legebatur
1200 2073 1269 2116 ἕχει
1289 2071 1418 2106 τούτων
1438 2088 1480 2107 τι.
1512 2089 1544 2107 τι
1564 2086 1633 2108 om.

125 2123 159 2157 S.
192 2124 290 2159 Idem
310 2125 380 2168 ἔχει
399 2136 419 2157 a
437 2136 489 2169 pr.
510 2129 545 2158 et
564 2125 625 2168 ἔχῃ
646 2125 689 2158 ab
709 2127 831 2160 eadem
850 2137 957 2159 manu
976 2126 1092 2159 habet.
1232 2123 1241 2149 l
1261 2126 1419 2172 βελτιον]
1443 2126 1571 2167 βελτίω
1592 2128 1631 2162 F.

856 2271 882 2287 &l

120 2303 141 2322 Π
163 2298 373 2344 συνενέγκοι]
400 2298 596 2343 συνενέγκαι
615 2300 656 2333 Α.
687 2298 882 2345 συνενέγκοι
903 2301 941 2334 F.
1093 2306 1111 2324 0
1133 2300 1300 2335 Clausula
1319 2302 1395 2336 haee
1415 2308 1489 2337 erat
1508 2303 1544 2336 in
1567 2303 1607 2337 B.
1624 2317 1630 2338 :

120 2363 202 2396 κατὰ
220 2363 392 2397 Φιλίππου
413 2352 512 2412 31-Ρῆ
530 2352 686 2405 ῖΙΔΔΔ.
705 2363 827 2410 (580.)
858 2364 948 2398 Tum
969 2365 1181 2410 sequebatur
1199 2366 1282 2399 κατὰ
1301 2366 1473 2400 Φιλίππου
1490 2373 1524 2401 Γ.
1546 2368 1631 2402 inei-

119 2416 217 2461 piens
248 2429 267 2450 a
296 2417 409 2450 verbis
444 2417 507 2450 Καὶ
534 2417 704 2450 σπουδαῖα
730 2416 885 2461 νομίζων,
918 2430 996 2463 quae
1025 2424 1078 2452 est
1106 2418 1142 2452 in
1177 2419 1280 2453 editis
1307 2420 1469 2453 omnibus
1495 2427 1630 2466 quarta.

119 2469 370 2504 Verumtamen
400 2471 504 2514 hujus
530 2471 708 2511 orationis,
729 2471 766 2504 in
786 2471 889 2505 titulo
911 2471 1020 2505 ter-tice
1049 2472 1244 2517 appellatae,
1265 2473 1420 2507 clausula
1439 2474 1514 2507 haec
1534 2481 1628 2508 erat:

119 2534 201 2566 κατὰ
219 2535 391 2568 Φιλίππου
415 2541 453 2569 Δ.
503 2535 544 2568 In
572 2536 781 2581 Augustano
809 2536 914 2569 tertio
943 2537 1019 2569 haec
1046 2536 1175 2581 legitur
1204 2537 1379 2571 clausula:
1412 2527 1628 2579 HOEAAAA

119 2597 201 2630 κατὰ
220 2598 391 2632 Φιλίππου
411 2599 442 2633 δ.
460 2598 567 2638 ΡΙΙΔΙ.
608 2599 804 2634 Videantur
832 2600 907 2634 haec
936 2600 985 2634 sic
1014 2600 1273 2645 distinguenda,
1294 2607 1333 2635 ut
1352 2602 1465 2635 tertiae
1495 2602 1629 2648 Philip-

118 2650 204 2695 picae
223 2663 342 2685 versus
362 2658 439 2699 590
455 2652 685 2698 imputentur,
707 2658 838 2698 quartae
860 2660 949 2700 550.
991 2654 1245 2688 Verumtamen
1274 2654 1309 2687 in
1334 2655 1403 2688 fine
1424 2655 1628 2701 Philippieae

118 2710 249 2749 quartae
268 2717 387 2739 rursus
406 2705 472 2739 alia
491 2706 646 2739 clausula
665 2706 816 2751 legitur:
847 2707 929 2740 κατὰ
949 2707 1121 2740 Φιλίππου
1145 2708 1361 2744 ΡΙΗΔΔΔΗ.
1384 2706 1425 2750 (6
1427 2718 1446 2753 3
1456 2708 1505 2751 8.)
1546 2709 1627 2743 Non

117 2757 262 2792 concilio
282 2758 356 2792 haec
375 2759 466 2793 inter
486 2772 532 2793 se.
565 2759 725 2793 REISK.
786 2760 825 2792 In
849 2760 884 2793 S.
908 2760 1143 2805 subscriptum
1163 2761 1244 2793 κατὰ
1265 2760 1437 2805 φιλίππου
1457 2777 1490 2807 γ.
1510 2767 1627 2796 ΓΗΓΔ

12 1758 15 1802 Ι

11 1931 15 2070 !

11 2094 15 2129 Ι

11 2140 15 2169 l

11 2180 15 2394 Ι
121 2223 193 2245 u.v.
217 2218 251 2245 et
270 2224 322 2257 pr.
344 2211 388 2245 Y.
480 2217 509 2235 m
530 2211 638 2258 δόξει]
661 2184 755 2257 δόξέῖ
775 2213 810 2253 S,
833 2213 943 2246 literis
962 2227 990 2246 ει
1012 2213 1129 2247 erasis.
1161 2213 1291 2257 δόξειεν
1310 2214 1353 2248 Α.
1385 2214 1495 2259 δόξειε
1514 2215 1632 2261 uulgo.

11 2412 15 2541 l

119 2810 188 2863 (ΓΗ)
204 2809 254 2864 le
273 2825 356 2867 rec.)
377 2828 477 2856 ΔΔΔ.

13 2992 15 3045 ἶ

12 3053 15 3143 ἱ

11 3147 16 3250 l
