1930 3266
293 188 378 231 346
837 188 1265 228 ΔΗΜΟΣΘΕΝΟΎΣ
1379 185 1461 224 οη.
1479 184 1663 224 XVIII.
1687 200 1726 240 p.
1743 186 1843 239 328,
1861 155 1930 289 ³7¹

296 300 355 365 ἣν
393 305 435 351 οἱ
475 302 653 352 πολλοὶ
697 305 792 351 τῶν
835 304 1046 351 πολιτῶν
1093 300 1218 362 ὑμεῖς
1261 296 1457 351 Ῑάπλῶς
1502 297 1654 364 ἄγετε.
1703 298 1812 347 ἀλλ’

298 386 352 436 οὐ
389 385 564 449 ταύτην
597 385 767 438 ἕοῦτος
803 384 907 449 ἄγει
940 382 1025 447 τὴν
1061 383 1278 448 ἡσυχίαν,
1313 387 1503 432 πολλοῦ
1541 403 1597 446 γε
1627 382 1702 431 καὶ
1734 382 1815 443 δεῖ,

976 470 995 479 Α

299 471 406 519 ἀλλ’
456 467 671 521 ἀποστὰς
717 467 829 518 ὅταν
873 468 998 534 αὐτιρ
1048 465 1202 532 1’δόξῃ
1247 467 1329 528 τῆς
1378 465 1618 518 πολιτείας
1666 464 1844 528 (πολ-5

300 552 434 606 λάκις
474 551 521 602 δὲ
561 555 709 618 δοκεῖ)
758 549 1016 618 ἰφυλάττει
1052 547 1242 611 1(πηνίκ’
1285 546 1485 598 1ἔσεσθε
1523 549 1690 611 μεστοὶ
1733 552 1816 598 τοῦ

300 640 512 702 συνεχῶς
557 634 779 699 λέγοντος
824 631 899 696 ’Πῆ
940 631 1070 698 παρὰ
1113 635 1196 695 τῆς
1241 631 1385 698 τύχης
1429 654 1473 681 τι
1514 631 1819 695 συμβέβηκεν

299 720 558 781 ἐναντίωμα
590 716 618 780 ἢ
651 717 778 766 ἄλλο
812 739 856 766 τι
893 714 1130 766 δύσκολον
1168 715 1332 780 γε’γονε
1373 713 1556 778 (πολλὰ
1590 713 1676 764 1Ἂδὲ
1711 716 1820 765 τάν-

203 815 277 869 381
301 801 550 868 θρώπινα)·
592 798 671 850 εἶτ’
712 801 786 850 ἐπὶ
827 798 977 867 τούτῳ
1021 803 1086 866 τῷ
1128 802 1272 867 καιρῷ
1311 797 1467 865 ῥήτωρ
1505 798 1730 866 ἐξαίφνης
1770 799 1819 848 ἐκ
1836 824 1873 846 10

300 888 383 948 τῆς
423 884 623 950 ἡσυχίας
667 882 829 949 ὥσπερ
873 882 1034 945 πνεῦμ’
1079 880 1279 949 Οε’φοῖνη,
1319 884 1394 932 καὶ
1433 880 1820 950 πεφωνασκηκὼς

361 970 374 986 N

302 992 376 1019 και
415 965 742 1033 Ρσυνειλοχώς
782 965 969 1033 ῥήματα
1014 966 1089 1015 καὶ
1133 963 1306 1029 λόγους
1353 966 1591 1031 (ὶσυνείρει
1631 963 1822 1018 τούτους
1923 984 1930 1058 Ι

302 1055 474 1119 σαφῶς
511 1052 586 1100 καὶ
622 1057 636 1076 ¹
653 1051 894 1110 ἀπνευστὶ,
923 1048 1090 1112 ὄνησιν
1116 1047 1201 1111 μὲν
1228 1049 1445 1111 οὐδεμίαν
1472 1049 1700 1117 φέροντας
1727 1048 1820 1098 οὐδ’

302 1138 483 1201 ἀγαθοῦ
536 1137 706 1197 κτῆσιν
751 1132 948 1195 οὐδενὸς,
995 1131 1253 1200 συμφορὰν
1298 1131 1346 1182 δὲ
1386 1136 1452 1201 τῷ
1496 1131 1685 1199 τυχόντι
1729 1135 1824 1182 τῶν

204 1236 287 1288 382
301 1222 511 1270 πολιτῶν
543 1219 619 1267 καὶ
646 1216 804 1280 κοινὴν
829 1217 1077 1283 αἰσχύνην.
1122 1216 1270 1266 καίτοι
1304 1216 1475 1280 ταύτης
1510 1219 1592 1279 τῆς
1626 1215 1874 1280 μελέτηςι5

302 1304 378 1353 καὶ
422 1304 505 1365 τῆς
553 1301 830 1364 ἐπιμελείας,
873 1300 1127 1366 ΞΑἰσχίνη,
1170 1298 1296 1365 ε’ίπερ
1347 1301 1397 1349 ἐκ
1442 1302 1604 1367 ψυχῆς
1648 1300 1827 1353 δικαίας

303 1385 513 1450 ἐγίγνετο
545 1386 620 1434 καὶ
661 1383 720 1434 τὰ
761 1387 844 1447 τῆς
874 1384 1098 1449 πατρίδος
1138 1382 1446 1450 συμφέροντα
1485 1382 1827 1450 προῃρημένης,

303 1468 412 1522 τοὺς
461 1466 669 1534 καρποὺς
733 1467 822 1518 ἔδει
872 1467 1143 1532 ῒγενναίους
1194 1470 1269 1517 καὶ
1321 1465 1494 1520 καλοὺς
1557 1469 1632 1517 καὶ
1679 1471 1830 1518 πᾶσιν

305 1552 574 1621 ὠφελίμους
612 1549 740 1614 εἶναι,
783 1551 1058 1618 συμμαχίας
1096 1549 1298 1612 πόλεων,
1341 1548 1514 1615 πόρους
1559 1548 1828 1616 χρημάτων,

305 1637 528 1702 ἐμπορίου
579 1635 889 1700 κατασκευὴν,
934 1633 1090 1698 νόμων
1131 1633 1476 1702 συμφερόντων
1526 1633 1690 1696 θέσεις,
1731 1639 1827 1689 τοῖς
1841 1661 1881 1684 20

209 1729 290 1783 383
307 1723 656 1787 ἀποδειχθεῖσιν
683 1720 867 1786 ἐχθροῖς
901 1717 1237 1780 ἐναντιώματα.
1280 1717 1458 1768 τούτων
1484 1716 1577 1784 γὰρ
1607 1717 1829 1769 ἁπάντων

306 1805 392 1870 “ἧν
418 1807 465 1855 ἐν
490 1809 586 1857 τοῖς
620 1804 716 1854 ἄνω
751 1802 937 1870 χρόνοις
976 1802 1203 1870 ἐξέτασις,
1231 1803 1306 1852 καὶ
1333 1801 1501 1852 ἔδωκεν
1528 1803 1552 1852 ὁ
1578 1801 1833 1868 παρελθὼν

307 1889 476 1957 χρόνος
515 1886 706 1941 πολλὰς
748 1887 1007 1955 ἀποδείξεις
1050 1889 1183 1953 ἀνδρὶ
1225 1889 1356 1954 καλῷ
1400 1892 1485 1936 Χτε
1531 1887 1737 1954 κάγαθῷ,
1782 1887 1831 1936 ἐν

309 1972 375 2026 οἷς
410 1974 615 2036 οὐδαμοῦ
650 1971 714 2022 σὺ
747 1979 766 2006 Υ
785 1971 989 2038 φανήσει
1021 1969 1242 2036 γεγονὼς,
1279 1970 1332 2019 οὐ
1366 1973 1566 2035 πρῶτος,
1604 1970 1689 2019 Ζοὺ
1721 1969 1824 2020 δεύ-
1841 1995 1880 2029 25
1920 2016 1923 2038 3

307 2080 451 2123 τερος,
497 2057 550 2106 οὐ
595 2056 763 2121 τρίτος,
807 2056 860 2105 οὐ
904 2054 1136 2120 τέταρτος,
1183 2054 1236 2104 οὐ
1281 2052 1508 2116 πέμπτος,
1553 2053 1640 2120 οὐχ
1684 2053 1830 2116 ἕκτος,
1917 2042 1922 2059 2

1002 2136 1022 2164 b

310 2142 397 2207 οὐχ
435 2142 752 2200 ὁποστοσοῦν,
780 2139 970 2189 ξιοὔκουν
1032 2139 1111 2189 ἐπί
1142 2139 1184 2203 γ’
1215 2137 1282 2191 οἷς
1318 2138 1345 2201 ἡ
1380 2139 1548 2203 πατρὶς
1585 2136 1829 2206 ηὐξάνετο.

212 2238 297 2290 384
310 2226 379 2279 τίς
412 2223 506 2290 γὰρ
540 2223 790 2290 συμμαχία
824 2228 916 2273 σοῦ
953 2221 1224 2290 πράξαντος
1256 2220 1421 2286 γέγονε
1455 2224 1513 2287 τῇ
1549 2220 1720 2283 πόλεις
1764 2223 1834 2275 τίς

368 2354 377 2377 Υ
396 2354 513 2389 ἁπλῶς
533 2360 615 2388 ante
635 2353 728 2397 ὑμεῖς
747 2353 820 2386 A.s.
843 2358 922 2397 post
942 2351 1040 2398 ἰίγετε
1060 2366 1088 2387 r.
1107 2365 1177 2387 om.
1195 2354 1231 2387 k.
1301 2358 1322 2385 g
1337 2351 1453 2397 οὗτος]
1472 2352 1571 2387 αὐτὸς
1587 2353 1622 2386 k.
1690 2349 1711 2376 h
1727 2352 1828 2399 δόξῃ]

312 2443 391 2484 δοκῇ
413 2453 440 2474 r.
470 2424 564 2483 δοκηι
585 2440 623 2474 F.
755 2437 764 2464 i
785 2439 971 2486 φυλάττει]
997 2439 1185 2484 φυλάττειν
1206 2440 1240 2472 k.
1382 2436 1401 2463 k
1428 2438 1535 2482 πηνίκ’
1559 2439 1595 2473 S.
1634 2439 1834 2485 Legebatm'

312 2493 454 2539 ὁπηνίκ’.
477 2493 609 2537 ὁπηνίχ’
632 2494 725 2537 ὑμεῖς
745 2494 894 2528 A.k.r.s.
1020 2490 1030 2517 ¹
1050 2492 1193 2538 ἔσεσθε]
1223 2492 1424 2538 Legebatur
1444 2492 1535 2526 ἐστέ.
1567 2492 1715 2527 Correxi
1731 2505 1774 2527 ex
1795 2492 1832 2527 S.

313 2582 348 2615 in
369 2593 439 2627 quo
458 2568 601 2615 ἕσεσθιειι
617 2581 695 2619 fuit,
718 2581 779 2615 sed
799 2596 813 2614 ε
834 2581 876 2614 ab
898 2581 965 2614 alia
983 2593 1031 2614 m.
1055 2592 1204 2614 erasum.
1274 2585 1302 2604 Π)
1325 2579 1342 2623 ἢ
1359 2592 1428 2613 om.
1446 2592 1496 2625 pr.
1517 2580 1552 2613 S.
1620 2585 1640 2604 ¹¹
1661 2580 1696 2614 δέ
1717 2592 1787 2615 om.
1805 2592 1832 2614 s.

313 2640 332 2659 0
352 2634 478 2680 ἐφάνη]
499 2634 648 2679 ἀνεφάνη
669 2635 785 2668 Α.Ῑὶ.5.
900 2641 919 2670 l)
939 2633 1167 2679 συνειλοχὼς]
1187 2634 1394 2677 συνειλεχὼς
1411 2633 1526 2672 S.Q.t.
1557 2634 1769 2678 συνειληχὼς
1789 2633 1832 2667 Y.

667 2694 681 2715 η

313 2734 340 2756 r.
358 2727 392 2756 ct
406 2737 460 2767 γρ.
479 2722 517 2755 F.
550 2722 762 2765 συνειλοχὼς
782 2720 826 2754 Ο.
896 2729 913 2756 (1
936 2720 1099 2766 συνείρει]
1117 2720 1255 2766 συνὴρει
1271 2720 1307 2755 S.
1336 2718 1488 2765 συνήιρει
1500 2720 1543 2754 Y.
1611 2725 1626 2744 Γ
1645 2719 1828 2766 ἀπνευστὶ]

313 2775 497 2809 ἀπνευστεὶ
520 2775 555 2809 S.
688 2780 702 2799 ³
723 2775 868 2818 Αἰσχίνη
889 2780 970 2819 post
989 2776 1132 2818 μελέτης
1151 2775 1261 2808 A.k.s.
1392 2772 1406 2797 t
1425 2773 1598 2818 γενναίους
1616 2774 1669 2807 καὶ
1689 2771 1828 2818 καλοὺς]

314 2829 437 2863 καλοὺς
457 2829 510 2861 καὶ
529 2828 702 2874 γενναίους
722 2828 887 2866 A.Q.k.S.
963 2833 984 2852 Π
1004 2826 1059 2873 ἦν]
1086 2828 1139 2861 καὶ
1157 2828 1192 2861 k.
1269 2832 1288 2850 Χ
1308 2841 1345 2860 τε
1365 2838 1435 2860 om.
1459 2826 1503 2860 O.
1588 2832 1606 2859 Y
1626 2825 1775 2871 φανήσει
1797 2825 1832 2859 S.

313 2881 451 2925 φανήσῃ
473 2882 592 2927 vulgo.
723 2886 740 2905 Ζ
761 2881 800 2914 οὐ
820 2879 993 2926 δεύτερος]
1016 2881 1093 2914 οὐδὲ
1113 2879 1270 2925 δεύτερος
1289 2892 1316 2914 1'.
1454 2885 1473 2904 a
1492 2878 1630 2925 οὔκουν]
1655 2879 1776 2912 οὐκοῦν
1794 2879 1832 2912 k.

314 2930 333 2957 b
355 2933 413 2968 ἐπί
423 2933 454 2979 γ’
476 2932 543 2981 οἷς]
567 2935 621 2968 ἐπὶ
637 2932 686 2969 οἷς
701 2949 740 2979 γε
763 2933 806 2968 O.
827 2939 862 2967 et
881 2948 936 2979 γρ.
959 2946 990 2967 v.
1023 2934 1078 2967 ἐπὶ
1099 2931 1148 2969 οἷς
1167 2948 1206 2980 γε
1226 2934 1278 2968 καὶ
1298 2945 1333 2968 ιι.
1365 2933 1420 2967 ἐπὶ
1439 2930 1488 2969 οἷς
1508 2933 1550 2968 Y.
1567 2938 1602 2967 et
1620 2946 1676 2979 γρ.
1693 2932 1733 2966 F.
1764 2930 1836 2966 ἐπεί

313 2987 346 3033 γ’
369 2985 417 3022 οἷς
436 2988 470 3021 k.
501 2988 573 3021 ἐπεί
591 3003 629 3034 γε
651 2988 701 3021 καὶ
724 2987 1025 3032 F.Q.k.p.r.s.t.v.
