1882 3250
149 305 204 346 39

215 186 299 226 188
761 181 1189 229 ΔΗΜΟΣΘΕΝΟὙΣ
1325 187 1555 228 012.X1v.
1579 202 1620 242 p.
1646 188 1736 240 176,
1754 202 1857 226 24—

282 297 429 349 ’Έστι
466 300 520 360 δ’,
548 296 584 348 ὦ
611 299 773 364 ἄνδρες
806 301 1061 363 Ἀθηναῖοι,
1089 298 1348 367 κεφάλαιον
1379 299 1600 350 ἁπάντων
1635 303 1730 349 τῶν

218 382 479 447 εἰρημένων·
521 383 732 432 οὐδέποθ’
762 384 879 444 ὑμᾶς
905 386 946 432 οἱ
972 381 1189 447 λέγοντες
1222 383 1324 431 οὔτε
1359 381 1590 447 πονηροὺς
1624 383 1728 432 οὔτε
1744 401 1781 433 25

216 463 452 529 χρηστοὺς
478 469 738 524 Ζποιοῦσιν,
766 464 875 512 ἀλλ’
906 465 1030 525 ὑμεῖς
1064 462 1268 524 τούτους,
1295 462 1501 527 ἓὸπότεῤ
1527 461 1584 512 ἂν
1610 463 1725 522 βού-

217 551 384 608 λησθε·
414 548 466 596 οὐ
486 545 578 611 γὰρ
601 548 724 609 ὑμεῖς
751 544 816 595 ὧν
837 546 962 595 οὗτοι
981 544 1264 605 1ἾΒούλον-Γαι
1291 546 1596 616 στοχάζεσθε,
1618 547 1728 595 ἀλλ’

217 629 343 678 οὗτοι
381 626 445 677 ὧν
481 626 537 677 ἂν
572 630 688 690 ὑμᾶς
722 629 958 689 ἐπιθυμεῖν
984 627 1210 677 οοῖωνται.
1268 629 1384 690 ὑμᾶς
1415 629 1495 678 οὖν
1527 627 1732 695 ὑπάρξαι

217 713 289 760 δεῖ
321 710 510 776 χρηστὰ
545 708 562 735 ‘¹
575 709 906 773 βουλομένους,
946 713 1021 760 καὶ
1058 709 1196 759 πάνθ’
1225 710 1317 778 ἕξει
1356 715 1528 763 καλῶς·
1574 709 1602 774 ἢ
1638 709 1732 775 γὰρ
1750 728 1825 772 177

217 794 363 846 οὐδεὶς
388 795 481 859 ἐρεῖ
503 799 747 861 Εφλαῦρον
773 792 917 855 οὐδὲν,
944 791 973 856 ἢ
1002 792 1133 843 οὐδὲν
1158 794 1283 861 αὐτῷ
1308 791 1477 843 ἱπλεόν
1503 793 1637 843 ἔσται
1668 792 1732 857 μὴ

217 876 368 942 ε”χοντι
396 875 504 928 τοὺς
529 876 880 939 ἕπεισομένους.

784 1051 1169 1081 w

936 1194 1020 1242 ΙΔ.

467 1342 656 1394 ΠΕΡΙ
706 1330 912 1393 hTQN
961 1341 1488 1395 ΣΤΜΜΟΡΙΩΝ.

862 1572 1098 1601 ΥΠΟΘΕΣΙΣ.

273 1656 386 1700 Φήμης
418 1657 601 1702 γενομένης
637 1657 696 1690 τὸν
728 1659 876 1702 Περσῶν
911 1657 1062 1698 βασιλέα
1097 1656 1414 1701 παρασκευάζεσθαι
1452 1654 1651 1700 στρατεύειν
1685 1656 1740 1690 ἐπὶ

218 1721 297 1756 τοὺς
317 1721 499 1764 ”Ελληνας,
523 1722 541 1753 ὁ
567 1721 628 1764 μὲν
651 1724 718 1754 τῶν
741 1719 926 1764 Ἀθηναίων
951 1721 1054 1764 δῆμος
1079 1717 1263 1763 ἰκεκίνηται
1292 1720 1345 1753 καὶ
1374 1721 1558 1765 συγκαλεῖν
1586 1717 1734 1764 ὥρμηται

218 1786 298 1820 τοὺς
319 1786 490 1827 Ἐλληνας
515 1782 597 1818 1(καὶ
625 1781 702 1818 1τὸν
727 1784 880 1828 πόλεμον
904 1785 1058 1830 ἐκφέρειν
1077 1785 1150 1828 ἤδη,
1171 1785 1188 1816 ὁ
1209 1784 1245 1818 δέ
1266 1783 1485 1828 Δημοσθένης
1504 1781 1765 1827 συμβουλεύειξ

217 1849 263 1894 μὴ
292 1849 617 1893 προεξανίστασθαι,
643 1848 734 1882 ἀλλὰ
761 1849 934 1893 ἀναμένειν
961 1850 1021 1882 τὸν
1047 1848 1198 1889 βασιλέα
1229 1847 1436 1892 νεωτερίσαι.
1480 1849 1538 1881 νῦν
1565 1847 1626 1891 μὲν
1654 1849 1734 1893 γὰρ,

219 1911 340 1956 φησὶν,
368 1911 407 1943 οὗ
436 1910 601 1954 πείσομεν
624 1911 703 1945 τοὺς
725 1909 897 1954 ’Ἕλληνας
929 1911 1121 1954 συμμαχεῖν
1149 1909 1238 1953 ἡμῖν,
1269 1908 1320 1943 ἐπ’
1345 1909 1456 1944 ἀδείας
1485 1905 1568 1942 εἶναι
1597 1909 1733 1942 δοκοῦν-

218 1986 289 2009 τας·
323 1976 401 2008 τότε
426 1974 463 2007 δέ
487 1974 608 2009 αὐτοὺς
632 1975 650 2007 ὁ
677 1974 827 2009 κίνδυνος
851 1975 952 2009 αὐτὸς
978 1975 1241 2017 ΙΙΙσυστήσεται.
1280 1974 1436 2018 παραινεῖ
1461 1973 1575 2006 τοίνυν
1600 1971 1732 2016 ἡσυχά-
1752 1985 1790 2008 10

219 2039 336 2081 ζοντας
362 2037 599 2081 συντάξασθαι
627 2038 679 2071 καὶ
708 2038 794 2082 πρὸς
820 2038 880 2070 τὸν
907 2039 1058 2081 πόλεμον
1085 2036 1427 2082 παρασκευάσασθαι,
1457 2036 1511 2069 καὶ
1537 2036 1577 2079 δὴ
1604 2036 1656 2069 καὶ
1682 2035 1735 2069 δι-

219 2102 346 2146 έξεισιν
366 2100 403 2134 ὃν
423 2102 551 2146 τρόπον
574 2099 614 2134 ἂν
635 2102 868 2146 συνταχθεῖεν,
908 2100 986 2135 ὅθεν
1005 2102 1058 2135 καὶ
1076 2101 1154 2146 περὶ
1173 2102 1372 2146 συμμοριῶν
1392 2101 1410 2134 ὀ
1429 2101 1534 2146 λόγος
1553 2100 1739 2146 ἐπιγράφε-

219 2175 284 2199 ται·
316 2165 489 2209 συμμορία
507 2165 573 2210 γὰρ
592 2166 683 2210 παρὰ
704 2167 775 2200 τοῖς
793 2164 961 2201 Ἀττικοῖς
979 2166 1018 2199 τὸ
1037 2169 1105 2199 τῶν
1123 2164 1414 2212 λειτουργούντων
1434 2163 1624 2211 σύνταγμα.

222 2253 316 2329 Ol
351 2275 436 2339 μὲν
469 2278 774 2338 ἐπαινοῦντες,
800 2275 837 2327 ὦ
867 2277 1030 2343 ἄνδρες
1054 2278 1310 2340 Ἀθηναῖοι,
1336 2276 1442 2330 τοὺς
1475 2274 1735 2342 προγόνους
1752 2287 1828 2342 178

222 2362 350 2423 ὑμῶν
375 2359 524 2426 λόγον
544 2364 685 2411 εἰπεῖν
709 2384 787 2424 μοι
811 2364 1004 2411 δοκοῦσι
1030 2364 1356 2427 προαιρεῖσθαι
1383 2359 1735 2427 κεχαρισμένον,

276 2552 293 2571 2
319 2548 479 2580 ποιοῦσιν
503 2545 540 2579 S.
580 2543 787 2588 ποιήσουσιν
805 2544 922 2590 vulgo.
1089 2550 1107 2569 a
1130 2543 1264 2590 ὁπότερ’
1286 2544 1321 2578 S.
1355 2545 1503 2589 ὁπότερα
1521 2543 1565 2577 A.
1600 2542 1739 2578 ὁποίους·

222 2600 339 2645 vulgo.
441 2595 461 2622 b
479 2597 683 2644 βούλονται]
707 2596 902 2637 βούλωνται
923 2597 957 2632 S.
1070 2603 1085 2622 C
1106 2596 1257 2643 οἴωνται]
1281 2596 1408 2631 οἴονται
1430 2597 1465 2632 S.
1569 2592 1589 2620 d
1606 2597 1735 2637 βουλο-

222 2651 358 2697 μένους]
379 2651 650 2695 βουλευομένους
670 2652 709 2685 Α.
812 2657 827 2675 e
848 2653 1006 2696 φλαῦρον
1025 2652 1066 2685 A.
1115 2651 1316 2697 Legebatur
1335 2652 1482 2695 φαῦλον.
1577 2646 1592 2674 f
1607 2649 1732 2696 πλέον]

222 2708 342 2740 πλεῖον
361 2706 403 2739 A.
425 2717 502 2750 quae
522 2705 635 2738 forma
654 2704 736 2738 ah'bi
755 2705 939 2738 meliorum
959 2705 1128 2738 librorum
1148 2705 1355 2738 auctoritate
1379 2708 1534 2738 correcta
1558 2707 1622 2743 est,
1641 2703 1738 2736 velut

222 2771 257 2805 p.
277 2766 362 2806 150,
379 2769 439 2804 23.
533 2763 553 2791 g
572 2757 814 2802 πεισομένους]
838 2758 1057 2802 πειθομένους
1075 2759 1117 2792 Α.
1163 2758 1205 2792 In
1227 2758 1308 2792 B.S.
1331 2757 1382 2800 (in
1403 2757 1439 2791 S.
1461 2768 1483 2792 a
1501 2768 1547 2790 m.
1569 2755 1735 2800 secunda)

223 2812 459 2857 subscriptum
478 2812 554 2856 περὶ
573 2813 778 2855 συντάξεως.
801 2816 1011 2845 ΗΗΗΔΔΔ.
1136 2808 1156 2836 h
1175 2814 1242 2844 τῶν
1261 2811 1418 2845 additum
1439 2822 1481 2845 ex
1500 2809 1584 2844 A.S.
1631 2809 1737 2855 Apud

223 2865 541 2910 Harpocrationem
559 2870 613 2898 ter
633 2876 712 2899 cum
733 2864 891 2905 articulo,
912 2865 965 2899 bis
985 2864 1115 2899 omisso
1135 2877 1176 2899 eo
1196 2865 1333 2899 citatur.
1450 2860 1459 2888 i
1479 2861 1660 2908 κεκίνηται]
1683 2862 1736 2896 καὶ

221 2917 385 2961 κεκίνηται
406 2918 448 2951 Y.
612 2914 633 2942 k
653 2918 706 2952 καὶ
726 2929 795 2952 om.
817 2917 856 2952 F.
1019 2915 1030 2942 Ῑ
1057 2918 1116 2951 τὸν
1141 2917 1311 2964 πόλεμον]
1342 2917 1389 2952 εἷς
1409 2917 1470 2952 τὸν
1487 2918 1639 2960 πόλεμον
1658 2915 1734 2950 ΡΝ.

223 2975 253 2995 m
274 2970 445 3015 συστήσει
463 2971 506 3006 Y.
537 2970 752 3015 συστήσεται
770 2971 888 3016 vulgo.
