1903 3271
53 197 209 237 —442‚
229 202 258 226 8.
543 191 671 228 ΠΕΡΙ
702 190 814 227 ΤΗΣ
845 189 1310 227 ΠΑΡΑΠΡΕΣΒΕΙΑΣ.
1605 186 1688 227 467

176 298 332 350 πάντα
368 300 590 349 τάναντία
627 299 851 360 8τούτοις,
885 298 950 362 μὴ
989 298 1237 363 προγόνων
1277 302 1556 362 μεμνῆσθαι,
1593 298 1686 360 ἵμὴ

176 380 375 446 τρόπαια
414 382 583 446 λέγειν,
621 380 686 445 μὴ
724 384 914 445 βοηθεῖν
950 382 1123 444 μηδενὶ,
1168 381 1233 444 μὴ
1280 384 1409 447 κοινῇ
1444 380 1560 442 μετὰ
1594 385 1687 430 τῶν
1705 403 1742 423 10

175 463 427 527 Ἑλλήνων
464 463 828 525 11βουλεύεσθαι,
870 461 1014 525 μόνον
1054 464 1108 513 οὐ
1150 467 1363 514 καθελεῖν
1408 462 1501 512 Χτοὶ
1541 464 1685 528 τείχη.

82 556 163 600 357
177 548 323 598 καίτοι
348 548 526 598 τούτων
551 549 762 614 αἰσχίους
789 546 926 610 λόγοι
953 546 1132 600 οὐδένες
1156 546 1335 597 πώποτ’
1359 547 1407 595 ἐν
1435 549 1524 613 Υτῷ
1548 550 1688 595 παντὶ

175 629 331 698 χρόνῳ
369 629 596 695 γεγόνασι
640 630 747 695 παρ’
791 631 912 692 ὑμῖν.
955 629 1024 681 τίς
1066 627 1158 693 γάρ
1196 630 1326 678 ἐστιν
1371 626 1622 690 (Ελλήνων
1662 626 1688 690 ἦ

175 711 434 778 βαρβάρων
460 713 607 762 Ζοῦτω
633 711 799 765 σκαιὸς
829 712 933 761 ὃκαὶ
960 710 1154 774 ἀνήκοος
1187 709 1206 736 b

1215 712 1290 760 καὶ
1315 710 1509 778 σφόδρα
1534 713 1690 771 μισῶν
1706 731 1741 762 15

177 793 263 858 τὴν
289 794 430 846 πόλιν
455 795 542 858 τὴν
567 795 805 861 ἡμετέραν,
833 794 980 856 ὅστις,
1007 794 1049 844 εἴ
1069 817 1138 848 τις
1175 794 1337 859 ἔροιτο,
1363 794 1466 844 εἶπέ
1492 815 1582 854 μοι,
1610 796 1691 855 τῆς

178 884 260 928 νῦν
285 879 430 941 οὔσης
456 877 695 931 Ἑλλάδος
721 880 921 941 ταυτησὶ
948 879 1022 927 καὶ
1051 876 1317 940 οἰκουμένης
1344 877 1444 927 ἔσθ’
1469 876 1494 926 ὅ
1514 899 1558 926 τι
1583 877 1692 925 ταύ-

176 983 263 1024 την
285 959 341 1011 ἂν
359 960 445 1024 τὴν
461 962 789 1027 προσηγορίαν
809 959 929 1027 εἶχεν
951 959 979 1024 ὴ
999 962 1144 1029 ᾠκεῖθ’
1166 959 1255 1011 ὑπὸ
1277 965 1370 1010 τῶν
1391 967 1472 1010 νῦν
1492 958 1693 1026 ἐχόντων

80 1043 441 1108 358Έλλήνων,
469 1048 505 1094 εἱ
539 1043 603 1107 μὴ
630 1043 713 1096 τὰς
739 1044 904 1110 ἀρετὰς
946 1044 1059 1110 ὑπὲρ
1085 1045 1238 1094 αὐτῶν
1267 1046 1439 1097 ἐκείνας
1475 1047 1541 1094 ⁰02
1575 1048 1688 1093 Μα-

176 1131 352 1192 ραθῶνι
377 1129 453 1177 καὶ
480 1131 715 1190 Σαλαμῖνι
749 1128 1048 1194 παρέσχοντο
1075 1132 1117 1178 οἱ
1154 1126 1391 1193 ᾶὴμέτεροι
1427 1126 1652 1191 πρόγονοι
1676 1150 1688 1189 3
1710 1154 1749 1174 20

179 1212 271 1262 οὐδ’
313 1210 370 1262 ἂν
409 1210 470 1263 εἷς
506 1212 554 1261 εὖ
589 1210 670 1261 οἷδ’
711 1211 781 1261 ὅτι
819 1211 1025 1278 φήσειεν,
1059 1210 1189 1261 ἀλλὰ
1228 1211 1408 1262 θποῖντα
1445 1213 1572 1261 ταῦθ’
1603 1210 1694 1262 ὑπὸ

177 1298 272 1344 τῶν
310 1293 570 1360 βαρβάρων
604 1293 618 1321 f

178 1379 337 1439 μηδεὶς
363 1375 421 1427 ἂν
447 1376 625 1427 τούτων
651 1381 745 1427 τῶν
769 1378 1010 1442 ἐγκωμίων
1036 1381 1109 1427 καὶ
1136 1381 1229 1427 τῶν
1255 1377 1455 1427 ἐπαίνων
1482 1378 1688 1426 ἀποστε-

624 1293 681 1344 Bw
720 1294 985 1345 ἑαλωκέναι.
1027 1293 1105 1344 εἶθ’
1136 1294 1212 1347 οὓς
1246 1293 1361 1357 μηδὲ
1395 1298 1489 1343 τῶν
1515 1296 1695 1360 ἐχθρῶν

178 1459 349 1526 ρήσειε,
388 1460 566 1511 τούτων
606 1461 836 1526 Αἰσχίνης
872 1462 1017 1523 ἕὺμᾶς
1064 1461 1146 1510 οὐκ
1182 1461 1235 1527 ἐᾷ
1269 1462 1549 1522 μεμνῆσθαι,
1589 1457 1694 1511 τοὺς
1708 1488 1745 1518 25

82 1556 166 1601 359
179 1543 236 1611 ἐξ
269 1544 465 1605 ἐκείνων,
501 1544 554 1593 ἵν’
590 1542 728 1596 αὐτὸς
768 1543 990 1609 ἀργύριον
1029 1542 1194 1610 λάβῃ;
1239 1545 1313 1593 καὶ
1349 1542 1442 1605 μὴν
1478 1547 1571 1592 τῶν
1611 1542 1696 1605 μὲν

179 1626 344 1676 ἄλλων
379 1628 570 1691 ἀγαθῶν
604 1627 656 1676 οὐ
692 1625 883 1689 μέτεστι
915 1629 1011 1678 τοῖς
1047 1629 1310 1685 τεθνεῶσιν,
1346 1627 1387 1674 οἱ
1423 1625 1459 1673 δ’
1490 1626 1564 1675 ἐπὶ
1602 1629 1698 1678 τοῖς

179 1713 337 1762 καλῶς
374 1714 656 1776 πραχθεῖσιν
682 1709 858 1760 ε”παινοι
895 1713 990 1759 τῶν
1015 1710 1134 1759 οὕτω
1161 1707 1556 1771 τετελευτηκότων
1581 1708 1697 1759 ’ίδιον

1100 1790 1120 1817 h

180 1792 335 1855 κτῆμά
374 1796 508 1842 εἰσιν·
551 1792 655 1842 οὐδὲ
693 1791 786 1857 γὰρ
821 1793 845 1841 ὁ
887 1791 1062 1859 φθόνος
1129 1793 1284 1844 αὐτοῖς
1324 1791 1417 1841 ῑὲτι
1462 1792 1694 1854 τηνικαῦτ’

180 1876 481 1926 ἐναντιοῦται.
525 1873 588 1925 ῶν
627 1877 903 1941 ἀποστερῶν
940 1877 1134 1929 ἐκείνους
1176 1875 1309 1929 οὗτος
1349 1875 1486 1928 αὐτὸς
1520 1874 1577 1925 ἂν
1615 1879 1791 1939 τῆς442

180 1960 408 2022 ἐπιτιμίας
447 1960 631 2012 δικαίως
671 1958 690 1985 k

709 1965 789 2009 νῦν
831 1960 1094 2025 στερηθείη,
1131 1961 1205 2008 καὶ
1240 1959 1414 2022 ταύτην
1455 1958 1569 2024 ὑπὲρ
1603 1963 1697 2010 τῶν

85 2041 430 2107 36οπρογόνων
474 2042 600 2104 ὑμεῖς
651 2043 782 2105 δίκην
832 2041 1044 2102 1λοῖβόιτε
1094 2043 1202 2107 παρ’
1251 2043 1407 2091 αὐτοῦ.
1475 2041 1697 2095 τοιούτοις

181 2125 339 2189 με’ντοι
372 2124 546 2190 λόγοις,
574 2123 610 2175 ὦ
635 2125 751 2189 κακὴ
779 2125 979 2192 κεφαλὴ,
1006 2124 1069 2175 σὺ
1094 2124 1153 2174 τὰ
1178 2129 1273 2174 τῶν
1309 2124 1556 2190 προγόνων
1583 2125 1725 2190 ἐργα5

182 2208 405 2273 συλήσας
455 2212 530 2259 καὶ
575 2209 800 2274 διασύρας
851 2213 918 2277 τῷ
968 2208 1099 2277 λόγῳ
1150 2206 1306 2258 πάντα
1358 2207 1417 2257 τὰ
1459 2206 1695 2272 πράγματ’

183 2294 454 2346 ἀπώλεσας.
516 2291 652 2343 me'l'ra
690 2298 911 2359 γεωργεῖς
957 2295 1005 2343 ἐκ
1053 2292 1230 2342 τούτων
1282 2294 1356 2342 καὶ
1403 2291 1576 2353 σεμνὸς
1615 2292 1693 2356 γε’-

1519 2374 1530 2390 N

182 2398 338 2441 γονας.
384 2378 458 2426 καὶ
498 2375 591 2441 γὰρ
618 2382 798 2426 Πτοῦτο.
841 2374 933 2441 πρὸ
961 2375 1044 2438 μὲν
1079 2381 1161 2426 τοῦ
1197 2375 1378 2425 0ποὶντα
1417 2397 1537 2424 κακα
1573 2379 1691 2440 peip-

239 2505 254 2524 S
282 2498 431 2546 τούτοις]
466 2499 665 2545 Legebatur
693 2499 826 2534 τούτοις
855 2497 967 2543 ἔλεγε.
1011 2500 1108 2543 ἔλεγε
1139 2511 1208 2533 om.
1237 2501 1272 2532 S.
1300 2500 1336 2532 in
1361 2513 1414 2543 γρ.
1442 2499 1572 2532 habeut
1605 2498 1694 2537 RQ.

185 2551 200 2577 t
219 2553 263 2596 μὴ
282 2553 442 2598 τρόπαια]
466 2554 549 2596 μηδὲ
569 2555 712 2597 τρόπαια
733 2552 776 2587 Ο.
911 2559 932 2577 ¹1
951 2551 1196 2597 βουλεύεσθαι]
1216 2551 1406 2590 βούλεσθαι
1428 2552 1463 2586 S.
1594 2558 1613 2576 Χ
1633 2551 1692 2597 τὰ]

184 2606 229 2649 μὴ
248 2606 290 2639 τὰ
311 2605 355 2640 Ο.
484 2609 497 2632 )’
519 2608 566 2652 τῷ
585 2605 700 2650 παντὶ]
724 2607 824 2640 παντὶ
844 2608 891 2653 τῷ
909 2607 1023 2639 A.k.s.
1153 2611 1170 2629 Ζ
1191 2603 1278 2638 οὕτω
1299 2605 1433 2650 σκαιὸς]
1460 2603 1565 2639 οὕτως
1585 2606 1697 2647 καιρὸς

187 2659 260 2692 S.u.
389 2664 408 2683 a
427 2659 478 2692 καὶ
498 2670 568 2693 om.
593 2659 627 2693 S.
649 2659 710 2704 qui
729 2659 772 2692 ab
793 2659 859 2692 alia
877 2671 924 2692 m.
946 2658 963 2701 ἢ
984 2659 1100 2692 habet.
1230 2654 1248 2682 b
1270 2658 1322 2690 καὶ
1338 2657 1493 2702 σφόδρα]
1519 2657 1536 2700 ἢ
1558 2658 1698 2702 σφόδρα

184 2712 388 2746 A.F.S.k.v.
459 2717 474 2736 c
494 2711 542 2757 οἱ]
567 2712 602 2744 ἐν
622 2717 646 2746 t.
716 2709 733 2736 d
755 2711 926 2757 ἡμέτεροι]
947 2711 1101 2755 ὑμέτεροι
1122 2710 1483 2749 F.S.Y.Q,O.S.t.u.v.
1553 2716 1568 2734 e
1588 2711 1698 2743 πάντα

183 2764 297 2810 ταῦθ’]
320 2767 424 2799 ταῦτα
444 2765 554 2798 πάντα
573 2766 687 2799 A.k.s.
812 2762 827 2789 f
843 2763 882 2798 ἂν
902 2763 1097 2809 ἑαλωκέναι]
1121 2763 1323 2806 ἀνηλωκέναι
1343 2775 1369 2796 r.
1482 2771 1502 2798 ξ’
1523 2763 1606 2806 ὑμᾶς
1627 2775 1695 2797 om.

185 2818 302 2852 A.k.S.
411 2814 432 2842 h
452 2818 581 2864 αὐτοῖς]
606 2818 706 2852 αὐτὸς
727 2817 772 2852 O.
883 2814 893 2841 i
913 2819 962 2851 ἔτι
981 2816 1163 2862 τηνικαῦτ’]
1189 2817 1422 2859 ἐπιτηνικαῦτα
1441 2828 1468 2849 r.
1579 2813 1599 2840 k
1620 2815 1694 2861 νῦν]

184 2869 226 2904 ἂν
245 2873 303 2905 νῦν
323 2871 362 2905 F.
391 2872 449 2904 νῦν
467 2869 507 2904 ἂν
526 2883 554 2905 r.
664 2868 675 2895 l
694 2869 853 2916 λάβοιτε]
877 2871 1005 2913 λάβητε
1025 2875 1051 2904 t.
1129 2875 1158 2893 m
1179 2866 1267 2914 εἶτα]
1290 2865 1361 2902 εἶτα
1382 2869 1433 2902 καὶ
1452 2881 1479 2902 r.
1561 2875 1580 2893 Β
1596 2872 1697 2902 τοῦτο

186 2924 391 2959 A.S.Y.k.s.
422 2924 622 2970 Legebatur
640 2923 680 2958 αὖ
699 2925 812 2957 τοῦτο.
933 2928 951 2947 ⁰
971 2922 1097 2968 πάντα]
1122 2923 1230 2956 πάντα
1250 2923 1290 2955 τὰ
1311 2921 1696 2960 A.F.Q.O.k.r.s.t.u.v.

186 2982 208 3010 Ρ
228 2976 423 3023 εἰργάσθαι]
447 2977 672 3023 εἶργάσασθαι
693 2976 738 3011 O.

883 3039 906 3080 3
934 3040 958 3066 ο
983 3038 1005 3067 2
