1882 3250
9 183 12 185 ’
72 193 166 236 203,
183 196 216 222 3.
546 184 690 221 ΥΠΕΡ
722 183 1216 222 ΜΕΓΑΛΟΠΟΛΙΤΩΝ.
1560 184 1644 224 215

8 297 12 361 ἔ
133 302 575 375 ΑΜΦΟΤΕΡΟΙ
603 347 682 387 μοι
708 327 929 374 δοκοῦσιν
949 324 1242 389 ἁμαρτάνειν,
1261 323 1297 374 ὦ
1318 325 1480 391 ἄνδρες
1498 326 1644 388 Ἀθη-
1657 349 1736 380 202

135 412 266 467 ναῖοι,
311 408 396 460 καὶ,
427 410 468 456 οἱ
511 411 605 459 τοῖς
655 407 861 472 Ἀρκάσι
911 410 986 456 καὶ
1032 410 1074 456 οἱ
1125 412 1220 459 τοῖς
1263 409 1644 469 Λακεδαιμονίοις

136 488 474 553 συνειρηκότες·
542 489 705 554 ὥσπερ
755 488 848 554 γὰρ
899 490 980 555 ἀφ’
1034 490 1262 554 ἑκατέρων
1313 490 1514 552 ἥκοντες,
1560 490 1646 555 οὐχ

137 573 277 634 ὑμῶν·
304 570 431 623 ὅντες
468 576 672 632 πολῖται,
714 570 832 635 πρὸς
871 571 948 623 οὓς
989 569 1246 637 ἀμφότεροι
1284 570 1673 634 Ῡπρεσβεύουσιῄ,

100 660 454 717 ακατηγοροῦσι
494 656 566 703 καὶ
610 652 958 713 διαβάλλουσιν
1001 652 1256 715 ἀλλήλους.
1314 652 1371 716 ἧν
1420 653 1467 703 δὲ
1508 659 1646 703 τοῦτο

0 747 8 780 [²
135 734 220 797 μὲν
245 740 339 785 τῶν
365 735 635 802 ἀφιγμένων
661 735 810 801 ἔργον,
838 735 892 785 τὸ
926 735 973 785 δὲ
1005 740 1167 788 κοινῶς
1207 735 1320 800 ὑπὲρ
1358 740 1452 785 τῶν
1486 759 1641 800 πραγ-

135 816 295 880 μάτων
333 818 489 882 λέγειν
523 820 597 867 καὶ
632 817 691 867 τὰ
725 818 959 876 βέλτιστα
999 816 1113 882 ὑπὲρ
1148 819 1276 879 ὑμῶν
1305 823 1502 868 σκοπεῖν
1537 818 1646 868 ἄνευ

3 893 7 949 Ξ
137 901 421 966 φιλονεικίας
459 904 552 949 τῶν
589 899 751 950 ἐνθάδε
789 899 1132 962 συμβουλεύειν
1171 900 1442 967 ἀξιούντων.
1487 906 1567 950 νῦν
1604 904 1645 951 δ’

137 982 298 1046 ἔγωγε,
337 982 379 1031 εἴ
408 1005 477 1035 τις
511 983 664 1032 αὐτῶν
699 982 869 1050 ἀφέλοι
904 981 958 1032 τὸ
993 982 1345 1046 γιγνώσκεσθαι
1383 984 1457 1031 καὶ
1497 981 1550 1032 τὸ
1589 986 1645 1049 τῇ
1661 1012 1699 1034 10

1 1055 5 1083 ³
138 1067 274 1132 φωνῇ
307 1064 461 1128 λέγειν
497 1066 762 1127 ΖἈττικῶς,
788 1065 999 1117 πολλοὺς
1035 1063 1092 1114 ἂν
1125 1063 1250 1127 οἶμαι
1285 1064 1391 1118 τοὺς
1416 1064 1500 1127 μὲν
1525 1067 1644 1131 Ἀρ-

0 1143 4 1228 ἱ
98 1146 294 1208 3κάδας,
336 1146 441 1199 τοὺς
488 1146 536 1196 δὲ
580 1146 807 1200 Λάκωνας
848 1149 1000 1197 αὐτῶν
1052 1147 1165 1197 εἶναι
1211 1148 1417 1210 νομίσαι.
1476 1147 1567 1212 ἐγὼ
1608 1149 1646 1198 δ’

0 1256 4 1332 μ
139 1230 232 1294 ὁρῶ
270 1228 355 1290 μὲν
394 1232 456 1282 ὡς
489 1229 699 1296 χαλεπὸν
729 1229 788 1279 τὰ
818 1230 1057 1289 βέλτιστα
1093 1231 1249 1294 λέγειν
1285 1232 1400 1280 ἐστί·
1441 1231 1644 1298 συνεξη-

138 1312 416 1375 πατημένων
451 1311 544 1377 γὰρ
583 1314 723 1374 ὑμῶν,
757 1315 833 1362 καὶ
867 1317 961 1362 τῶν
995 1312 1079 1375 μὲν
1107 1315 1281 1374 ἢταυτὶ,
1307 1317 1401 1362 τῶν
1436 1313 1483 1362 δὲ
1518 1316 1698 1372 ταυτὶι5

620 1393 639 1421 d

139 1393 484 1458 ι’βουλομε’νων,
513 1394 594 1446 οᾶν
649 1395 708 1446 τὰ
733 1396 911 1464 μεταξύ
936 1419 1004 1449 τις
1030 1398 1215 1463 ἐγχειρῇ
1243 1396 1397 1460 λέγειν
1423 1398 1498 1446 καὶ
1526 1398 1651 1457 ὑμεῖς

70 1542 72 1545 v
140 1476 227 1540 εμὴ
261 1475 549 1543 ῑπεριμένητε
589 1483 766 1540 μαθεῖν,
809 1484 1034 1545 χαριεῖται
1069 1478 1153 1541 μὲν
1191 1478 1455 1543 οὐδετεροις,
1496 1482 1652 1539 διαβε-

100 1560 376 1623 4βλήσεται
414 1559 463 1610 δὲ
503 1560 622 1626 πρὸς
663 1561 970 1628 ἀμφοτέρους·
1011 1561 1063 1610 οὐ
1106 1560 1199 1624 μὴν
1240 1562 1349 1611 ἀλλ’
1394 1559 1650 1625 αἱρήσομαι

138 1646 327 1705 μᾶλλον
365 1640 516 1704 αὐτὸς,
548 1641 606 1692 ἂν
645 1644 737 1708 ἄρα
766 1649 904 1693 τοῦτο
939 1642 1090 1705 πάθω,
1125 1646 1275 1694 δοκεῖν
1309 1647 1552 1710 φλυαρεῖν,
1591 1642 1649 1707 ἕῆ

138 1726 247 1790 παρ’
289 1723 319 1774 ἃ
355 1725 589 1785 βέλτιστα
623 1726 789 1791 νομίζω
830 1730 887 1792 τῇ
922 1724 1073 1785 πόλει,
1105 1727 1338 1792 προέσθαι
1370 1728 1496 1776 τισὶν
1530 1728 1648 1789 ὑμᾶς
1661 1758 1703 1780 20

139 1808 449 1875 ἐξαπατῆσαι.
490 1807 550 1858 τὰ
583 1807 667 1870 μὲν
702 1809 783 1858 οὖν
824 1808 934 1858 ἄλλ’
977 1810 1188 1875 ὕστερον,
1227 1808 1285 1858 ἂν
1322 1811 1428 1871 ὑμῖν
1466 1814 1646 1869 βουλο-

366 1888 385 1909 ‘3

139 1890 292 1954 με’νοις
329 1889 400 1957 11ῃ,
427 1890 586 1958 ἰλέξω·
630 1889 723 1941 ἀπὸ
755 1891 803 1941 δὲ
837 1896 930 1941 τῶν
965 1891 1353 1956 ὁμολογουμένων
1388 1893 1464 1959 ὑφ’
1495 1890 1645 1942 ἁπάν-

140 1997 235 2025 των
260 1973 475 2042 ἅρξομαι,
501 1972 531 2023 ἃ
556 1973 786 2040 κράτιστα
813 1974 993 2040 νομίζω,
1021 1975 1271 2025 διδάσκειν.

101 2073 128 2114 5
216 2059 403 2108 Οὐκοῦν
429 2058 522 2108 οὐδ’
551 2056 608 2107 ἂν
642 2056 703 2111 εἷς
736 2059 941 2108 ἀντείποι
976 2060 1037 2110 ὡς
1070 2059 1123 2107 οὐ
1148 2057 1380 2125 συμφέρει
1418 2061 1475 2123 τῇ
1513 2056 1652 2107 πόλει

141 2142 216 2191 καὶ
243 2140 634 2203 Λακεδαιμονίους
667 2142 878 2193 ἀσθενεῖς
916 2138 1029 2190 εἶναι
1064 2143 1139 2190 καὶ
1175 2140 1416 2203 Θηβαίους
1454 2162 1646 2190 τουτου·
1667 2163 1745 2206 203

822 2221 843 2249 k

142 2224 209 2275 (Τί.
248 2223 350 2273 ἔστι
394 2224 548 2273 Τοίνυν
592 2223 640 2273 ἔν
683 2246 772 2273 Τίνι
851 2223 1045 2292 ΤΟίΟύΤῳ
1096 2227 1241 2291 Καιρῷ
1290 2222 1349 2273 Τὰ
1392 2221 1652 2288 πράγματα

141 2304 255 2367 1νῦν,
281 2306 323 2356 εἴ
343 2328 387 2355 τι
418 2309 488 2356 δεῖ
513 2310 608 2359 τοῖς
647 2307 896 2372 εἰρημένοις
934 2305 1171 2360 πολλάκις
1209 2307 1317 2372 παρ’
1348 2308 1453 2369 ὑμῖν
1489 2304 1653 2370 λόγοις

143 2390 476 2454 τεκμήρασθαι,
502 2388 624 2439 ὥστε
658 2389 899 2453 Θηβαίους
933 2389 1018 2453 μὲν
1042 2391 1337 2457 Ὀρχομενοῦ
1375 2392 1449 2440 καὶ
1474 2393 1648 2440 111Θεσ-

196 2574 215 2602 Y
242 2568 476 2613 πρεσβεύουσι
506 2570 541 2604 S.
590 2570 789 2616 Legebatur
817 2571 1078 2615 πρεσβεύονται,
1110 2571 1204 2616 quod
1232 2571 1361 2616 legitur
1389 2582 1423 2615 p.
1447 2579 1556 2614 1423,
1590 2576 1650 2615 25.

145 2628 162 2647 Ζ
180 2620 354 2668 Ἀττικῶς]
378 2622 547 2656 ἀττικιστὶ
566 2635 600 2668 p.
623 2633 733 2667 1424,Δ
845 2629 864 2648 a
882 2624 996 2670 ταυτὶ]
1021 2625 1126 2657 ταῦτα
1146 2625 1187 2657 Α.
1310 2620 1328 2647 b
1348 2624 1566 2665 βουλομένων
1585 2622 1653 2655 hoe

143 2674 221 2708 loco
242 2675 277 2708 S.
309 2675 508 2721 Legebatm·
527 2681 607 2721 post
626 2679 692 2709 τῶν
711 2677 772 2719 μὲν
791 2677 898 2710 ταυτί.
1038 2682 1054 2701 c
1091 2675 1132 2710 ἂν
1153 2677 1189 2710 S.
1221 2677 1277 2710 ἐὰν
1295 2676 1414 2721 vulgo.
1554 2671 1573 2699 d
1592 2673 1650 2720 τὰ]

145 2741 177 2761 τι
199 2727 233 2761 S.
263 2727 356 2761 idem
376 2740 444 2762 om.
466 2741 499 2774 p.
523 2739 634 2773 1424.
787 2734 803 2753 e
827 2729 870 2772 μὴ
891 2741 960 2764 om.
984 2730 1019 2763 S.
1170 2726 1185 2753 f
1202 2728 1417 2774 περιμένητε]
1441 2727 1653 2772 περιμείνητε

146 2779 280 2814 F.Y.O.
401 2786 422 2814 g
441 2780 459 2824 ἢ
480 2781 575 2826 παρ’]
599 2784 682 2827 ἤπερ
703 2783 743 2816 Α.
767 2788 801 2815 et
820 2796 876 2826 γρ.
901 2783 935 2816 S.
1058 2780 1072 2802 ¹¹
1093 2779 1129 2827 ᾗ]
1153 2781 1284 2815 ἀκούειν
1303 2777 1325 2824 ᾗ
1343 2782 1385 2815 Α.
1409 2786 1444 2815 et
1465 2792 1585 2826 margo
1606 2779 1651 2814 Ο.

148 2832 154 2853 ’“
174 2833 280 2879 λέξω]
305 2833 404 2877 δείξω
422 2834 456 2868 S.
478 2835 553 2880 (qui
573 2835 661 2878 λέξω
681 2835 717 2868 in
732 2849 786 2879 γρ.
807 2835 940 2879 habet.)
970 2837 1058 2880 λέξω
1079 2836 1178 2879 δείξω
1198 2835 1237 2875 F,
1258 2847 1330 2868 non
1351 2835 1392 2869 B.
1474 2830 1495 2858 k
1510 2832 1654 2880 τοιούτῳ

145 2885 263 2932 καιρῷ]
289 2888 390 2933 καιρῷ
409 2886 551 2933 τοιούτῳ
570 2887 660 2921 Y.O.
807 2884 817 2911 l
838 2888 912 2933 νῦν]
935 2889 1006 2922 νυνὶ
1024 2888 1115 2923 Y.O.
1254 2893 1280 2910 m
1302 2889 1463 2921 Θεσπιῶν
1483 2887 1536 2921 καὶ
1555 2888 1652 2920 Πλα-

145 2937 261 2983 ταιῶν]
285 2938 435 2973 θεσπιων
455 2941 507 2974 καὶ
526 2942 682 2974 πλατεων
703 2941 738 2975 S.
769 2941 936 2975 θεσπιέων
956 2942 1008 2975 καὶ
1026 2942 1218 2976 πλαταιέων
1238 2941 1311 2975 F-v.
