1882 3250
227 195 310 236 120
769 197 1199 237 ΔΗΜΟΣΘΕΝΟΎΣ
1373 197 1455 236 OR.
1479 196 1567 237 IX.
1591 211 1631 251 p.
1654 208 1747 245 112,
1766 212 1861 238 ιι-

224 308 395 358 εἳεείνου
421 311 497 358 καὶ
529 307 694 359 πολλὰ
724 313 818 359 τῶν
849 310 1078 375 ὑμετερων
1113 309 1300 375 ἔχοντος
1333 311 1406 358 καὶ
1440 307 1620 362 πάντας
1652 311 1734 358 ἀν-

163 392 440 459 ]ιθρώπους
478 395 746 446 ἀδικοῦντος
785 393 1041 459 ἀνέχεσθαί
1074 416 1212 442 τινων
1250 394 1298 442 ἐν
1335 397 1435 444 ταῖς
1470 393 1741 455 ἐκκλησίαις

224 475 464 541 λεγόντων
489 474 725 529 πολλάκις
751 478 812 528 ὡς
838 477 968 538 ἡμῶν
1000 476 1118 528 τινές
1155 479 1273 525 εἰσιν
1310 478 1351 524 οἱ
1385 480 1624 528 ποιοῦντες
1659 474 1742 525 τὸν

223 559 447 622 πόλεμον,
475 558 655 623 ἀνάγκη
683 558 1012 627 φυλάττεσθαι
1039 561 1113 608 καὶ
1141 561 1445 624 διορθοῦσθαι
1476 561 1582 623 περὶ
1608 557 1740 608 q‘1·01)'-
1757 586 1791 619 15

223 660 333 690 των·
376 641 479 690 ἔστι
513 639 606 705 γὰρ
642 641 741 692 δεός
779 639 950 703 μήποθ’
980 642 1041 693 ὡς
1067 639 1388 703 Γάμυνούμεθα
1421 639 1616 708 γράψας
1642 647 1742 694 Sus*

225 724 300 773 καὶ
338 723 708 785 συμβουλεύσας
743 727 805 776 εἰς
843 722 929 785 τὴν
965 724 1115 773 αἰτίαν
1150 723 1333 790 ἐμπέσῃ
1368 728 1450 773 τοῦ
1489 724 1739 787 πεποιηκέ-

811 804 823 821 Χ

160 829 297 858 12ναι
332 804 415 856 τὸν
450 805 676 869 πόλεμον.
746 808 838 871 ἐγω
873 805 951 869 ῒδὴ
984 811 1121 856 τοῦτο
1152 810 1340 872 πρῶτον
1367 805 1589 856 ἁπάντων
1615 806 1742 871 λε’γω

222 892 298 940 καὶ
335 890 639 955 “διορίζομαι,
678 894 715 940 εἰ
753 891 826 957 ἐφ’
866 890 974 953 ἡμῖν
1012 892 1115 940 ἐστὶ
1154 889 1208 940 τὸ
1245 890 1598 950 Χβουλεύεσθαι
1635 894 1740 956 περὶ

221 979 305 1023 τοῦ
330 971 530 1039 πότερον
550 972 734 1039 εἰρήνην
763 973 917 1038 Υᾶγειν
943 971 972 1036 ἢ
999 978 1223 1037 πολεμεῖν
1242 976 1324 1024 δεῖ.
1369 977 1405 1023 εἰ
1431 972 1515 1035 μὲν
1535 974 1615 1023 οὖν
1641 973 1739 1042 ἔξε-
1753 1004 1793 1026 20

222 1078 331 1106 στιν
363 1056 546 1122 εἰρήνην
581 1056 712 1122 ἄγειν
748 1060 806 1124 τῇ
840 1055 978 1107 πόλει
1017 1059 1092 1107 καὶ
1130 1058 1205 1125 ἐφ’
1234 1057 1343 1120 ἡμῖν
1372 1058 1474 1106 ἐστὶ
1504 1062 1655 1120 τοῦτο,
1682 1058 1736 1108 ἵν’

222 1141 430 1191 ἐντεῦθεν
469 1140 700 1209 ἄρξωμαι,
736 1142 857 1209 φημὶ
896 1140 1042 1206 ε”γωγε
1081 1140 1211 1205 ἄγειν
1249 1141 1369 1204 ἡμᾶς
1401 1144 1507 1202 δεῖν,
1544 1142 1620 1190 καὶ
1657 1140 1740 1192 τὸν

220 1229 368 1274 ταῦτα
405 1224 609 1288 λέγοντα
647 1223 847 1292 γράφειν
886 1225 961 1274 καὶ
1004 1222 1224 1290 πράττειν
1264 1226 1339 1274 καὶ
1377 1223 1442 1287 μὴ
1482 1224 1739 1291 φενακίζειν

157 1329 206 1370 13
221 1307 354 1375 ἀξιῶ·
398 1312 434 1357 εἰ
470 1309 506 1358 δ’
537 1308 689 1373 ἕτερος
723 1306 782 1358 τὰ
821 1307 951 1358 ὅπλα
984 1309 1032 1357 ἐν
1067 1312 1166 1360 ταῖς
1201 1311 1366 1374 χερσῖν
1401 1308 1520 1374 ε”χων
1551 1310 1627 1358 καὶ
1659 1308 1738 1358 δύ-
1751 1334 1790 1365 25

221 1414 359 1454 ναμιν
384 1391 575 1455 πολλὴν
601 1394 707 1458 περὶ
733 1391 874 1442 αὑτὸν
900 1392 1105 1454 τοῦνομα
1131 1390 1215 1454 μὲν
1237 1390 1291 1441 τὸ
1318 1394 1399 1454 τῆς
1426 1389 1607 1456 εἰρήνης
1633 1393 1740 1455 ὑμῖν

219 1476 534 1542 Ζπροβάλλει,
562 1481 657 1529 τοῖς
695 1477 731 1526 δ’
762 1475 913 1542 ἔργοις
947 1475 1086 1528 αὐτὸς
1121 1479 1216 1528 τοῖς
1250 1480 1333 1525 τοῦ
1371 1474 1582 1538 πολέμου
1617 1478 1734 1542 χρῆ-

219 1582 307 1621 ται,
333 1561 382 1610 τί
413 1558 582 1610 λοιπὸν
609 1560 734 1610 ἄλλο
763 1559 892 1623 πλὴν
919 1558 1212 1622 ἀμύνεσθαι;
1256 1557 1460 1627 φάσκειν
1487 1561 1527 1608 δ’
1557 1557 1740 1625 εἰρήνην

156 1642 362 1708 14ἄγειν,
394 1647 430 1693 εἰ
467 1643 719 1706 βούλεσθε,
755 1641 919 1709 ὥσπερ
954 1644 1134 1704 ἐκεῖνος,
1172 1643 1226 1692 οὐ
1262 1641 1555 1710 διαφέρομαι.
1619 1645 1655 1692 εἰ
1691 1641 1740 1692 δὲ

218 1748 288 1779 τις
331 1727 505 1791 ταύτην
549 1726 733 1793 εἰρήνην
782 1724 1123 1789 ὑπολαμβάνει,
1169 1725 1226 1794 ἐξ
1269 1725 1322 1790 ἧς
1366 1727 1534 1778 ἐκεῖνος
1583 1724 1740 1776 πάντα
1758 1749 1830 1792 113

217 1810 378 1860 τᾶλλα
408 1810 575 1872 λαβὼν
603 1812 678 1879 ἐφ’
707 1811 827 1874 ἡμᾶς
853 1811 968 1879 ἥξει,
995 1815 1184 1876 πρῶτον
1215 1809 1300 1874 μὲν
1331 1810 1555 1874 μαίνεται,
1583 1809 1741 1861 ἔπειτα

217 1893 374 1963 ἐκείνῳ
401 1895 511 1960 παρ’
541 1895 682 1957 ὑμῶν,
710 1895 798 1961 οὐχ
824 1896 930 1958 ὑμῖν
960 1899 1072 1960 παρ’
1100 1895 1274 1944 ἐκείνου
1305 1892 1391 1957 τὴν
1416 1892 1600 1959 εἰρήνην
1626 1894 1734 1943 3λε’-

1015 1976 1034 2003 b

802 1976 818 1995 A

216 1996 304 2040 γει·
358 1983 497 2028 τοῦτο
542 1979 579 2028 δ’
621 1979 752 2028 ἐστὶν
800 2001 825 2028 ο
875 1982 971 2028 τῶν
1053 1977 1438 2041 ἀναλισκομένων
1482 1976 1765 2044 χρημάτων5

1006 2060 1024 2088 ‘³
1042 2061 1180 2115 αὐτὸς
1224 2061 1309 2126 μὲν
1349 2066 1574 2125 πολεμεῖν
1618 2063 1740 2125 ὑμῖν,

216 2058 438 2111 οπάντων
485 2061 727 2115 Φίλιππος
772 2063 966 2124 ὠνεῖται,

219 2144 297 2211 ὑφ’
331 2145 459 2207 ὑμῶν
487 2143 534 2195 δὲ
559 2143 624 2208 μὴ
650 2149 975 2207 πολεμεῖσθαι.

154 2242 202 2285 15
293 2229 388 2276 Καὶ
427 2226 521 2291 μὴν
559 2231 595 2277 εἰ
639 2228 775 2294 μέχρι
819 2227 986 2279 τούτου
1023 2234 1371 2295 περιμενοῦμεν,
1412 2229 1496 2282 ἕως
1535 2228 1592 2279 ἂν
1631 2229 1740 2293 ἡμῖν

217 2311 499 2379 ὁμολογήσῃ
543 2317 780 2375 πολεμεῖν,
825 2312 1016 2363 πάντων
1064 2312 1208 2376 ἐσμὲν
1254 2312 1572 2377 εὐηθέστατοι·
1634 2313 1739 2364 οὐδὲ

215 2392 309 2460 γὰρ
341 2395 398 2444 ἂν
432 2396 507 2446 ἐπὶ
544 2394 629 2458 τὴν
660 2395 882 2459 Ἀττικὴν
915 2394 1059 2459 αὐτὴν
1085 2396 1274 2463 θβαδίζῃ
1307 2399 1382 2446 καὶ
1415 2395 1498 2446 τὸν
1526 2400 1736 2463 Πειραιᾶ,
1753 2425 1790 2447 ιο

657 2476 670 2504 f
709 2477 729 2498 ’ἲ
856 2478 869 2493 ¹

215 2479 337 2528 τοῦτ’
366 2479 469 2543 ἐρεῖ,
497 2478 623 2544 εἴπερ
684 2501 750 2532 οις
784 2502 902 2545 προς
940 2477 1047 2533 τοὺς
1087 2480 1267 2533 ἄλλους
1303 2480 1527 2543 πεποίηκε
1562 2483 1633 2530 δεῖ
1665 2503 1739 2530 τε-

272 2603 291 2631 q
311 2598 440 2633 τούτων
461 2599 496 2633 S.
529 2599 730 2645 Legebatur
749 2598 884 2635 τούτου.
957 2606 972 2625 ¹*
991 2601 1222 2648 ἀμυνούμεθα]
1247 2601 1447 2646 ἀμυνώμεθα
1465 2617 1520 2648 γρ.
1539 2602 1578 2636 F.
1654 2607 1669 2627 S
1690 2617 1740 2638 τις

217 2652 271 2685 καὶ
291 2651 574 2698 συμβουλεύσας]
600 2654 652 2686 καὶ
673 2652 940 2696 συμβουλεύσας
958 2668 1008 2689 τις
1031 2654 1065 2688 S.
1164 2653 1177 2679 ἵ
1198 2655 1256 2701 δὴ]
1283 2656 1319 2689 δέ
1340 2655 1541 2689 F.S.O.u.v.
1628 2660 1647 2680 ¹¹
1669 2656 1738 2690 διο-

216 2704 365 2750 ρίζομαι]
384 2705 634 2750 διισχυρίζομαι
652 2706 686 2739 S.
753 2712 772 2730 Χ
791 2705 1038 2753 βουλεύεσθαι]
1057 2707 1319 2749 βουλεύσασθαι
1336 2708 1548 2743 F.Y.O.u.v.
1611 2714 1630 2741 y
1645 2708 1738 2754 ἅγειν

217 2756 236 2800 ἢ
257 2758 435 2804 πολεμεῖν]
460 2758 478 2802 ἢ
498 2760 650 2802 πόλεμον
664 2759 757 2805 ἅγειν
774 2759 982 2794 F.Y.O.u.V.
1059 2766 1076 2785 Ζ
1093 2762 1288 2806 προβάλλει
1305 2762 1340 2795 S.
1368 2762 1602 2806 προβάλλεται
1617 2762 1736 2808 vulgo.

218 2815 237 2835 a
256 2811 366 2856 λέγει]
389 2811 483 2857 ἄγειν
504 2812 541 2846 F.
572 2812 665 2857 ι’ίγειν
685 2814 779 2858 λέγει
798 2812 960 2847 Y.O.u.v.
1086 2810 1106 2838 b
1126 2813 1416 2861 ἀναλισκομένων]
1441 2814 1675 2858 ἁλισκομένων
1694 2815 1736 2848 A.

218 2868 253 2897 et
272 2875 324 2909 pr.
341 2864 383 2898 Y.
406 2877 485 2898 cum
506 2866 735 2911 grammatico
755 2866 790 2899 in
812 2866 926 2901 Bekk.
947 2867 1079 2901 Anecd.
1101 2880 1135 2912 p.
1156 2865 1240 2908 180,
1261 2879 1319 2903 10.
1418 2873 1433 2893 ⁰
1453 2867 1605 2914 πάντων]
1629 2867 1736 2901 ἁπάν-

216 2946 284 2965 των
304 2933 509 2968 F.Y.O.u.v.
622 2931 639 2958 d
660 2934 778 2980 αὐτὸς]
803 2929 904 2969 affl-(¹71⁵)
924 2936 962 2969 F.
998 2936 1100 2969 αὐτὸν
1120 2936 1288 2971 Y.O.u.v.
1407 2942 1423 2961 e
1442 2935 1582 2982 βαδίζῃ]
1603 2936 1736 2979 βαδίζοι

1081 2986 1098 2995 a

217 2997 269 3029 pr.
294 2986 329 3019 S.
440 2984 454 3010 f
473 2985 538 3031 οἷς]
563 2987 582 3019 ἃ
603 3000 636 3021 u.
