1930 3266
991 499 1083 546 IH.

353 647 570 699 ’ΥΠΕΡ
621 642 1256 701 8ΚΤΗΣΙΦΩΝΤΟΣ
1314 649 1504 701 ΠΕΡΙ
1551 647 1716 700 ΤΟΥ

805 767 1267 819 ΣΤΕΦΑΝΟΤ.

951 899 1122 906 ——.

798 993 1013 1022 AIBANIOY
1042 993 1133 1022 ΥΠΟ
1140 992 1278 1022 ΘΕΣΙΣ.

329 1074 448 1117 Τεῖχος
472 1074 534 1117 μὲν
560 1075 578 1107 ὁ
606 1073 720 1120 ῥήτωρ
749 1074 833 1121 ὑπὲρ
862 1073 1046 1119 Ἀθηναίων
1072 1074 1291 1120 προύβάλετο
1316 1077 1384 1108 τῶν
1413 1073 1570 1118 συνήθων
1591 1071 1721 1107 τούτων
1744 1073 1798 1107 καὶ

274 1137 520 1182 χειροποιήτων
548 1137 802 1185 ἀρραγέστερόν
826 1153 864 1173 τε
890 1140 943 1173 καὶ
967 1139 1122 1181 βέλτιον,
1153 1139 1214 1183 τήν
1240 1153 1276 1173 τε
1303 1139 1350 1174 εἷς
1374 1139 1434 1182 τὴν
1460 1140 1562 1172 πόλιν
1587 1140 1717 1172 εὔνοιαν
1743 1138 1797 1172 καὶ

274 1201 351 1247 περὶ
370 1203 496 1247 λόγους
515 1202 701 1247 δεινότητα,
724 1203 767 1239 ὡς
786 1204 887 1239 αὐτὸς
907 1200 1065 1249 ἱ)εἰ’ρηκεν
1087 1208 1110 1222 “
1123 1203 1162 1237 οὐ
1182 1202 1292 1239 λίθοις
1321 1204 1373 1237 καὶ
1395 1203 1552 1238 πλίνθοις
1576 1203 1636 1238 τὰς
1653 1201 1823 1247 ἈθήναςΞ

276 1271 299 1284 “
321 1265 502 1312 ὠχύρωσα,
535 1266 626 1301 ἀλλὰ
655 1269 821 1314 μεγάλαις
853 1269 1017 1312 δυνάμεσι
1051 1270 1104 1303 καὶ
1131 1270 1247 1312 πολλῇ
1277 1269 1343 1302 τινὶ
1377 1266 1566 1312 συμμαχίᾳ,
1601 1270 1641 1311 τῇ
1675 1268 1736 1312 μὲν
1761 1267 1797 1301 ἐκ

276 1336 300 1350 “
320 1332 391 1377 γῆς,
413 1334 454 1374 τῇ
480 1331 517 1365 δέ
546 1332 581 1366 ἐκ
608 1331 812 1376 θαλάττης·”
843 1333 882 1366 οὐ
909 1334 974 1377 μὴν
994 1333 1085 1368 ἀλλὰ
1113 1333 1165 1367 καὶ
1192 1333 1239 1368 εἷς
1263 1333 1323 1366 τὸν
1347 1332 1587 1378 χειροποίητον
1612 1332 1798 1377 περίβολον

275 1396 315 1430 οὐ
340 1396 440 1441 μικρὰ
469 1398 510 1440 τῇ
537 1398 638 1431 πόλει
659 1398 883 1438 συνεβάλετο.
913 1399 1143 1441 πεπονηκότος
1161 1398 1227 1443 γὰρ
1257 1397 1339 1431 κατὰ
1359 1397 1475 1430 πολλὰ
1505 1396 1609 1442 ομε’ρη
1638 1398 1699 1429 τοῦ
1728 1396 1795 1430 τεί-
1811 1399 1887 1431 221

273 1473 358 1504 χους
380 1460 452 1494 τοῖς
470 1457 669 1503 Ἀθηναίοις,
695 1459 810 1503 ἐπειδὴ
831 1460 946 1504 ἔδοξεν
965 1459 1133 1506 ἀνορθοῦν
1152 1460 1246 1500 αὐτὸ,
1263 1459 1434 1506 ᾑρέθησαν
1454 1456 1473 1484 d
1487 1460 1541 1493 ἐπὶ
1560 1460 1599 1493 τὸ
1618 1460 1718 1505 ἔργον
1737 1459 1795 1493 ἅν-

274 1523 351 1568 δρες
375 1523 467 1565 δέκα,
497 1525 610 1568 φυλῆς
639 1525 783 1567 ἑκάστης
811 1522 871 1564 εἷς,
894 1522 953 1559 οὓς
980 1525 1048 1558 ἔδει
1073 1524 1132 1568 τὴν
1162 1524 1358 1568 ἐπιμέλειαν
1379 1524 1618 1570 θπαρέχεσθαι
1647 1520 1824 1569 Ῐ’ψιλὴνχις

273 1588 313 1622 τὸ
332 1589 398 1634 γὰρ
417 1588 576 1632 ἀνάλωμα
597 1589 773 1632 δημόσιον.
803 1586 850 1624 εἷς
869 1588 981 1622 τοίνυν
1000 1587 1129 1622 τούτων
1148 1590 1200 1622 καὶ
1220 1590 1238 1622 ὁ
1260 1588 1372 1634 ῥήτωρ
1391 1590 1570 1634 γενόμενος
1589 1589 1653 1633 οὐχ
1674 1588 1798 1633 ὁμοίως

273 1653 345 1687 τοῖς
375 1652 497 1688 ι’ίλλοις
529 1653 589 1696 τὴν
622 1652 816 1697 ἐπιμέλειαν
849 1654 953 1697 μόνην
987 1653 1160 1698 εἰσήνεγκε
1189 1656 1229 1696 τῇ
1260 1654 1370 1698 χρείᾳ,
1402 1653 1492 1686 ἀλλὰ
1525 1654 1565 1686 τὸ
1603 1653 1664 1695 μὲν
1696 1654 1798 1699 ἔργον

273 1714 456 1760 ἀμέμπτως
488 1715 723 1757 ἕᾶπετέλεσε,
754 1718 796 1751 τὰ
831 1717 866 1751 δέ
896 1716 1054 1762 χρήματα
1084 1718 1206 1751 ἔδωκεν
1235 1716 1367 1751 οἴκοθεν
1400 1718 1440 1760 τῇ
1478 1717 1591 1752 πόλει.
1633 1715 1798 1760 ἐπῄνεσεν

274 1780 378 1814 αὐτοῦ
406 1780 465 1824 τὴν
496 1782 628 1814 εὔνοιαν
660 1779 785 1824 ταύτην
816 1780 834 1824 ἡ
861 1781 985 1825 βουλὴ,
1017 1782 1068 1815 καὶ
1094 1781 1155 1825 τὴν
1187 1779 1201 1801 ὴ
1215 1780 1405 1827 προθυμίαν
1433 1779 1605 1826 ἠμείψατο
1634 1781 1797 1829 στεφάνῳ
1816 1799 1851 1820 ¹0

273 1847 405 1892 χρυσῷ·
436 1844 564 1889 ἕτοιμοι
584 1845 649 1891 γὰρ
668 1843 840 1888 Ἀθηναῖοι
860 1846 945 1891 πρὸς
966 1845 1025 1880 τὰς
1045 1846 1185 1890 χάριτας
1204 1849 1271 1879 τῶν
1291 1843 1328 1879 εὖ
1348 1844 1548 1880 ποιούντων.
1608 1846 1798 1890 Κτησιφῶν

273 1909 310 1943 δὲ
335 1907 375 1952 ἧν
402 1910 420 1942 ὁ
446 1909 507 1953 τὴν
529 1910 666 1955 γνώμην
692 1909 795 1943 εἰπὼν
821 1909 866 1944 ὡς
891 1910 944 1943 δεῖ
961 1910 1187 1955 στεφανῶσαι
1215 1910 1275 1943 τὸν
1296 1909 1528 1954 Δημοσθένην,
1550 1910 1586 1943 ἐν
1609 1909 1672 1954 μὲν
1696 1911 1799 1956 καιρῷ

273 1976 345 2009 τοῖς
365 1974 573 2015 Διονυσίοις,
595 1974 629 2008 ἐν
649 1975 685 2008 δέ
705 1975 799 2021 τόπῳ
826 1977 874 2022 τῷ
894 1977 956 2008 τοῦ
976 1973 1148 2009 Διονύσου
1177 1975 1318 2022 θεάτρῳ,
1340 1975 1374 2009 ἐν
1395 1976 1430 2009 δέ
1451 1975 1585 2010 θεαταῖς
1612 1976 1699 2009 πᾶσι
1727 1976 1799 2010 τοῖς
1814 1986 1849 2019 ῐ5

267 2036 452 2082 ”Ελλησιν,
475 2035 532 2074 οὓς
552 2038 570 2082 ἡ
592 2038 779 2084 πανήγυρις
798 2038 982 2085 συνήγαγε·
1010 2040 1062 2073 καὶ
1088 2038 1218 2074 τούτων
1238 2039 1389 2073 ἐναντίον
1413 2039 1561 2073 ἀνειπεῖν
1588 2040 1648 2073 τὸν
1674 2037 1799 2084 κήρυκα

243 2130 246 2131 ⁷
273 2102 326 2137 ὅτι
358 2104 528 2149 στεφανοῖ
557 2102 779 2147 Δημοσθένην
810 2103 1050 2147 Δημοσθένους
1083 2104 1245 2137 Παιανιέα
1275 2103 1293 2147 ἡ
1324 2105 1426 2139 πόλις
1458 2103 1578 2149 ἀρετῆς·
1608 2103 1799 2147 συμπάσης

273 2166 366 2201 ἕνεκα
397 2168 449 2200 καὶ
479 2168 608 2203 εὐνοίας
645 2169 704 2209 τῆς
736 2168 822 2213 πρὸς
851 2164 990 2209 ἰαὐτήν.
1033 2167 1072 2211 ἧν
1105 2166 1164 2201 οὖν
1195 2168 1408 2212 πανταχόθεν
1436 2167 1454 2211 ἡ
1488 2167 1567 2211 τιμὴ
1602 2166 1792 2212 θαυμαστὴ”
1811 2181 1851 2203 20

273 2232 326 2266 διὸ
346 2233 399 2266 καὶ
419 2232 550 2276 φθόνος
575 2233 677 2275 αὐτῆς
702 2232 830 2277 ἥψατο,
859 2233 912 2265 καὶ
935 2234 995 2266 τοῦ
1021 2233 1254 2278 ψηφίσματος
1283 2232 1455 2276 ἀπηνέχθη
1480 2233 1683 2278 παρανόμων
1711 2246 1794 2278 γρα·

273 2296 335 2342 φὴ.
392 2295 557 2341 Αἰσχίνης
581 2297 647 2342 γὰρ
675 2297 798 2342 ἐχθρὸς
825 2295 869 2331 ὢν
896 2299 957 2331 τοῦ
985 2296 1226 2341 Δημοσθένους
1251 2296 1365 2342 ἀγῶνα
1386 2298 1589 2342 παρανόμων
1615 2295 1799 2343 ἐπήγγειλε

273 2363 510 2407 Κτησιφῶντι,
541 2363 652 2408 λέγων
683 2361 832 2407 ἶίρχοντα
865 2363 1031 2408 γεγονότα
1062 2363 1121 2395 τὸν
1156 2362 1377 2405 Δημοσθένην
1408 2362 1461 2395 καὶ
1489 2361 1534 2406 μὴ
1560 2362 1663 2396 δόντα
1692 2363 1798 2407 λόγον
1812 2372 1850 2404 25

275 2425 462 2460 ὑπεύθυνον
487 2423 582 2466 εἶναι,
606 2428 708 2471 νόμον
737 2427 772 2460 δέ
799 2425 948 2460 κελεύειν
977 2426 1056 2462 τοὺς
1081 2425 1287 2462 ὑπευθύνους
1315 2426 1360 2470 μὴ
1388 2428 1596 2471 στεφανοῦν,
1617 2427 1670 2460 καὶ
1696 2427 1800 2460 πάλιν

274 2490 377 2535 νόμον
396 2493 628 2536 παρεχόμενος
655 2492 715 2524 τὸν
741 2489 935 2530 κελεύοντα,
957 2491 1014 2524 ἐὰν
1033 2492 1094 2534 μέν
1112 2505 1188 2524 τινα
1207 2492 1225 2523 ὁ
1253 2491 1357 2534 δῆμος
1376 2492 1393 2524 ὁ
1414 2491 1598 2534 Ἀθηναίων
1617 2491 1798 2536 στεφανοῖ,

274 2557 309 2590 ἐν
336 2558 376 2599 τῇ
407 2555 569 2600 ἐκκλησίᾳ
589 2557 648 2589 τὸν
674 2557 850 2600 στέφανον
875 2554 1154 2601 ἀναγορεύεσθαι,
1177 2555 1234 2588 ἐὰν
1263 2555 1299 2589 δέ
1326 2554 1344 2598 ἡ
1370 2555 1493 2599 βουλὴ,
1521 2555 1556 2589 ἐν
1579 2558 1627 2602 τῴ
1652 2556 1799 2595 βουλευ-

272 2620 387 2667 τηρίῳ,
411 2619 582 2664 ἀλλαχόθι
609 2620 645 2654 δέ
674 2620 718 2664 μὴ
743 2620 876 2664 ἐξεῖναι.
907 2620 997 2664 φησὶ
1026 2619 1062 2653 δέ
1088 2619 1141 2653 καὶ
1169 2619 1248 2654 τοὺς
1275 2619 1430 2654 ἐπαίνους
1454 2615 1537 2653 εἶναι
1567 2618 1646 2654 τοὺς
1670 2619 1725 2652 ἐπὶ
1751 2612 1798 2666 τῷ
1814 2633 1892 2663 222

274 2685 487 2729 Δημοσθένει
514 2684 665 2729 ψευδεῖς
697 2684 742 2728 μὴ
770 2684 837 2729 γὰρ
865 2683 1135 2717 πεπολιτεῦσθαι
1165 2685 1276 2718 καλῶς
1303 2684 1363 2717 τὸν
1382 2682 1520 2729 ῥήτορα,
1540 2683 1631 2717 ἀλλὰ
1651 2683 1704 2717 καὶ
1732 2683 1796 2717 δω-

330 2836 348 2855 a
369 2832 619 2874 Κτησιφῶντος
638 2830 715 2875 περὶ
735 2842 806 2864 om.
832 2829 867 2863 S.
980 2827 996 2851 b
1018 2827 1163 2874 εἴρηκεν]
1187 2841 1222 2874 p.
1245 2838 1334 2875 325,
1361 2839 1420 2862 22.
1531 2834 1547 2853 ⁰
1566 2829 1650 2874 μέρη
1670 2840 1741 2863 om.
1763 2841 1797 2874 p.

275 2880 294 2908 d
323 2884 378 2917 ἐπὶ
407 2885 447 2917 τὸ
473 2883 591 2929 ἔργον]
627 2883 683 2917 ε’πὶ
714 2886 761 2930 τῷ
788 2885 876 2929 ἔργω
905 2895 959 2928 pr.
991 2894 1025 2917 Ο.
1166 2888 1182 2907 θ
1206 2881 1435 2927 παρέχεσθαι]
1471 2882 1690 2927 περαίνεσθαι
1722 2882 1799 2916 ΡΝ.

274 2934 290 2962 f
307 2937 418 2982 ψιλὴν
439 2949 511 2983 o.p.
542 2937 653 2982 ψιλὴν
673 2940 735 2971 τοῦ
755 2937 858 2983 ἔργου
878 2937 995 2982 vulgo.
1026 2935 1138 2981 ψιλὴν
1158 2948 1229 2970 om.
1253 2936 1327 2969 FN.
1449 2940 1470 2969 g
1489 2934 1695 2981 ἀπετέλεσε]
1721 2935 1798 2969 ε’πε-

274 2992 396 3025 τέλεσε
417 2990 536 3037 O.v.p.
612 2988 632 3015 h
651 2989 843 3036 προθυμίαν
863 2990 987 3025 F.O.v.
1018 2989 1226 3036 προμήθειαν
1245 2989 1364 3034 vulgo.
1450 2985 1461 3013 i
1480 2988 1600 3034 αὐτήν]
1625 2989 1744 3033 ἑαυτὴν
1762 3000 1798 3034 p.
