1882 3250
75 161 167 211 160,
183 180 236 204 εδ.
744 163 1039 202 ΕΠΙΣΤΟΛΗ.
1561 158 1639 199 171

131 277 264 343 χίδας
301 277 460 337 οὔσας,
500 275 606 329 τοὺς
644 279 685 326 δ’
722 279 817 328 0εἷς
857 274 1157 324 Μακεδονίαν
1197 271 1429 323 πλέοντας
1471 270 1641 320 ἐπώλει

130 358 310 413 πάντας
347 361 600 422 πολεμίους
639 359 822 424 κρίνων·
873 360 948 407 καὶ
991 356 1067 406 διὰ
1110 356 1237 405 ταῦθ’
1281 355 1405 415 ὑμεῖς
1442 352 1637 419 ἐπῃνεῖτ’
1657 365 1735 402 160

129 443 270 494 αὑτὸν
304 444 352 493 ἐν
385 448 480 496 τοῖς
514 444 850 510 ψηφίσμασιν.
910 438 1034 489 ὥστε
1069 439 1218 502 ε”γωγε
1251 439 1413 500 ἀπορῶ
1451 436 1500 484 τί
1532 435 1636 485 ποτ’

128 525 261 574 ἔσται
288 524 564 589 καινότερον,
591 523 669 573 ἐὰν
696 521 1033 586 ὁμολογήσητέ
1059 544 1136 583 μοι
1168 523 1404 581 πολεμεῖν·
1445 519 1520 567 καὶ
1545 516 1638 582 γὰρ

127 606 203 657 ὅτε
244 611 455 674 φανερῶς
494 606 813 675 διεφερόμεθα,
853 604 1038 672 λῃστὰς
1082 604 1373 671 ἐξεπέμπετε,
1413 603 1487 651 καὶ
1531 598 1638 652 τοὺς

125 690 355 743 πλέοντας
400 693 461 744 ὡς
507 691 661 753 Ρἡμᾶς
705 691 938 747 ἐπωλεῖτε,
979 693 1074 740 τοῖς
1118 686 1336 738 ἐναντίοις
1388 686 1664 748 ἐβοηθεῖτε,5

124 773 209 837 τὴν
234 775 394 841 χώραν
419 797 509 837 μου
537 779 688 827 κακῶς
712 776 918 824 ἐποιεῖτε.

87 864 111 901 6
198 860 356 922 Χωρῖς
381 859 571 908 (ἱτοίνυν
601 862 662 911 εἷς
695 864 833 908 τοῦτο
866 856 1158 922 παρανομίας
1192 855 1365 923 ἀφῖχθε
1403 854 1478 903 καὶ
1513 856 1629 903 δυσ·

121 942 314 1003 μενείας,
348 940 473 991 ὥστε
512 944 586 991 καὶ
624 940 742 1006 πρὸς
779 939 862 991 τὸν
899 940 1095 1005 Πέρσην
1132 938 1357 1003 πρέσβεις
1391 936 1635 987 ἀπεστάλ-

121 1047 231 1075 κατε
268 1027 519 1078 πείσοντας
558 1023 698 1075 αὐτὸν
732 1026 830 1087 ἐμοὶ
868 1027 1109 1084 πολεμεῖν·
1158 1020 1182 1072 ὃ
1220 1021 1435 1084 μάλιστα
1473 1021 1531 1071 ἄν
1565 1044 1634 1075 τις

119 1107 417 1170 θαυμάσειεν.
468 1106 562 1174 πρὸ
587 1107 672 1170 μὲν
696 1105 789 1172 γὰρ
815 1112 897 1156 τοῦ
927 1111 1094 1163 λαβεῖν
1120 1105 1261 1155 αὐτὸν
1287 1105 1531 1169 Αἴγυπτον
1556 1109 1632 1155 καὶ

119 1193 337 1255 Φοινίκην
372 1193 699 1259 ἐψηφίσασθε,
739 1189 796 1240 ἂν
833 1189 999 1242 ἐκεῖνός
1037 1212 1081 1239 τι
1121 1188 1370 1254 νεωτερίζῃ,
1409 1211 1624 1254 παρακα-
1646 1209 1684 1230 10

117 1280 216 1324 λεῖν
251 1276 420 1338 ὁμοίως
454 1274 532 1338 ἐμὲ
570 1277 645 1325 καὶ
684 1273 790 1327 τοὺς
825 1274 1005 1326 ἄλλους
1032 1272 1282 1336 ΡΈλληνας
1314 1270 1524 1324 ἅπαντας
1559 1274 1626 1323 ἐπ’

80 1357 271 1416 7αὐτόν·
303 1364 384 1409 νῦν
404 1358 451 1409 δὲ
477 1364 706 1408 τοσοῦτον
728 1360 833 1420 ὑμῖν
852 1358 1062 1422 περίεστι
1090 1361 1172 1406 τοῦ
1198 1354 1316 1421 πρὸς
1343 1354 1421 1417 ἐμὲ
1446 1357 1628 1418 μίσους,

114 1440 240 1491 ὥστε
288 1441 406 1507 πρὸς
456 1444 626 1492 ἐκεῖνον
676 1441 983 1505 Γδιαλέγεσθε
1039 1441 1144 1504 περὶ
1196 1442 1278 1502 τῆς
1329 1441 1623 1506 Ξέπιμαχίας.

113 1525 260 1575 καίτοι
298 1524 351 1575 τὸ
385 1523 590 1575 παλαιὸν
627 1529 668 1575 οὶ
706 1524 901 1589 πατερες
934 1525 1075 1587 ὑμῶν,
1102 1526 1163 1577 ὡς
1195 1523 1286 1587 ἐγὼ
1317 1522 1675 1586 πυνθάνομαι,ι5

112 1613 207 1660 τοῖς
240 1610 654 1673 Πεισιστρατίδαις
689 1609 914 1670 ἐπετίμων
950 1610 1010 1660 ὡς
1046 1605 1275 1672 ἐπάγουσι
1316 1605 1396 1656 τὸν
1429 1608 1625 1673 Πέρσην

110 1693 184 1742 ἐπὶ
220 1690 328 1745 τοὺς
358 1690 617 1756 “Ελληνας·
658 1693 784 1753 ὑμεῖς
818 1693 855 1742 δ’
885 1692 968 1742 οὐκ
1002 1691 1288 1758 αἰσχύνεσθε
1327 1698 1473 1742 ταῦτα
1511 1715 1619 1743 ποι-

109 1780 277 1837 οῦντες,
306 1773 336 1825 ἃ
362 1779 600 1826 διετελεῖτε
627 1781 722 1829 τοῖς
749 1775 989 1841 τυράννοις
1015 1778 1337 1842 ἐγκαλοῦντες.

72 1861 95 1900 8
181 1857 343 1908 Ἀλλὰ
385 1858 503 1924 πρὸς
548 1864 643 1912 τοῖς
689 1859 856 1911 ἄλλοις
907 1860 981 1909 καὶ
1026 1858 1231 1927 γράφετε
1281 1860 1330 1908 ἐν
1373 1863 1469 1912 τοῖς
1513 1865 1617 1927 ψη·

106 1940 349 2007 φίσμασιν
382 1943 481 2002 ἐμοὶ
519 1940 893 2006 προστάττοντες
927 1941 1089 2006 Τήρην
1127 1944 1201 1991 καὶ
1240 1943 1618 2007 Κερσοβλέπτην
1632 1964 1672 1986 20

103 2026 182 2074 ἐᾶν
210 2024 403 2093 Θρᾴκης
429 2026 587 2092 ἄρχειν
619 2029 680 2078 ὡς
712 2026 849 2079 ὄντας
874 2028 1166 2090 Ἀθηναίους.
1235 2026 1326 2091 ἐγὼ
1353 2027 1402 2077 δὲ
1428 2027 1618 2082 τούτους

103 2109 207 2158 οὔτε
237 2109 360 2158 ῐτῶν
394 2111 498 2174 περὶ
532 2113 613 2173 τῆς
649 2111 828 2175 εἰρήνης
866 2113 1114 2174 συνθηκῶν
1149 2108 1251 2160 οῖδα
1289 2110 1616 2177 μετασχόντας

104 2192 209 2253 ὑμῖν
239 2194 331 2242 οὔτ’
358 2194 407 2242 ἐν
435 2198 534 2246 ταῖς
564 2193 766 2256 στήλαις
792 2195 1231 2259 ἀναγεγραμμένους
1264 2196 1356 2245 οὔτ’
1384 2197 1608 2259 Ἀθηναί-

102 2299 179 2329 ους
205 2276 355 2338 ὅντας,
381 2277 510 2327 ἀλλὰ
535 2277 729 2343 “Τήρην
760 2277 843 2340 μὲν
876 2283 976 2341 μετ’
1003 2280 1114 2338 ἐμοῦ
1140 2278 1512 2345 στρατευόμενον
1537 2282 1609 2349 ἐφ’

101 2361 230 2422 ὑμᾶς,
259 2361 636 2426 Κερσοβλέπτην
663 2361 711 2412 δὲ
737 2367 832 2415 τοῖς
863 2367 974 2428 παρ’
1003 2364 1113 2424 ἐμοῦ
1144 2369 1458 2428 πρεσβευταῖς
1484 2366 1610 2433 “’ὶδίᾳ
1625 2379 1661 2412 25

99 2442 182 2504 μὲν
207 2443 314 2497 τοὺς
340 2445 502 2511 ὅρκους
530 2445 700 2508 ὀμόσαι
733 2446 1129 2511 προθυμούμενον,
1158 2448 1426 2498 κωλυθέντα
1454 2449 1491 2498 δ’
1521 2447 1610 2499 ὑπὸ

98 2532 191 2578 τῶν
223 2529 452 2595 ὑμετέρων
482 2535 766 2596 στρατηγῶν
792 2530 1152 2598 ἀποφαινόντων
1178 2530 1319 2581 αὐτὸν
1345 2533 1609 2596 Ἀθηναίων

61 2613 276 2679 9ἐχθρόν.
331 2616 478 2665 καίτοι
513 2619 612 2668 πῶς
646 2617 747 2665 ἐστὶ
785 2617 906 2665 τοῦτ’
944 2616 1050 2665 ἴσον
1084 2614 1112 2678 ἢ
1150 2617 1337 2677 δίκαιον,
1373 2615 1486 2665 ὅταν
1523 2616 1606 2679 μὲν

149 2780 168 2799 ⁰
200 2774 263 2821 εἷς]
302 2776 335 2811 ἐς
364 2776 407 2810 Ο.
565 2782 582 2810 Ρ
615 2776 715 2822 ἡμᾶς]
755 2777 835 2820 ὑμᾶς
867 2789 898 2811 v.
1050 2785 1068 2811 q
1099 2779 1229 2825 τοίνυν]
1267 2779 1380 2814 τοίνυν
1413 2780 1542 2815 τούτων
1572 2795 1603 2817 v,

96 2833 111 2852 Γ
129 2828 331 2874 διαλέγεσθε
351 2830 535 2864 Dobraeus.
581 2830 780 2876 Legebatur
799 2831 1031 2877 διαλέγεσθαι.
1145 2838 1159 2855 ⁹
1181 2833 1359 2878 ἐπιμαχίας
1378 2847 1430 2880 pr.
1449 2834 1491 2868 O.
1538 2835 1603 2870 Le-

96 2897 242 2942 gebatur
261 2898 522 2944 ἐπισυμμαχίας.
616 2899 629 2924 t
649 2903 716 2933 τῶν
735 2901 829 2946 περὶ]
853 2903 930 2946 περὶ
949 2905 1015 2935 τῶν
1036 2903 1168 2937 F.Y.O.
1264 2910 1283 2928 1¹
1303 2903 1429 2951 Τήρην]
1454 2896 1545 2950 τήρην
1562 2907 1600 2942 F.

95 2954 123 2973 W
141 2949 225 2997 ἰδίᾳ]
250 2951 353 2987 ἰδίους
371 2965 402 2987 ν.

818 3029 885 3055 22
