1903 3271
63 199 287 240 —403,23.
561 193 685 229 ΠΕΡΙ
717 193 828 230 ΤΗΣ
861 193 1323 230 ΠΑΡΑΠΡΕΣΒΕΙΑΣ.
1618 191 1700 230 4925

189 301 328 364 ὕβριν
363 301 416 351 τὸ
454 306 652 366 πρᾶγμα
685 302 873 369 ε”φασαν
909 303 1071 351 οὑτοσὶ
1106 304 1181 350 καὶ
1217 303 1241 351 ὁ
1278 301 1474 366 Φρύνων
1512 303 1584 350 καὶ
1619 303 1700 351 οὐκ

188 382 379 433 ἀνεκτὸν
405 382 532 444 εἶναι,
558 389 652 434 τῶν
677 388 797 437 θεοῖς
831 391 849 418 y
866 386 1060 450 ἐχθρῶν,
1087 389 1180 434 τῶν
1207 385 1487 448 Ζάλιτηρίων
1516 387 1694 434 Ὀλυν-

187 467 299 516 θίων
339 466 643 533 αἰχμάλωτον
683 469 832 517 οὖσαν
876 472 1075 532 τρυφᾶν·
1137 471 1210 516 καὶ
1256 473 1282 494 “
1301 473 1318 491 a
1339 465 1469 515 κάλει
1514 468 1697 527 παῖδα,”

92 565 171 607 219
187 551 262 599 καὶ
302 557 330 579 “
346 550 515 612 ἱμάντα
554 573 624 604 τις
665 551 883 616 φερε’τω.”
924 549 1059 614 ῂῆκεν
1100 549 1276 613 οἰκέτης
1318 549 1470 615 οἔχων
1509 552 1699 614 ῥυτῆρα,

185 635 260 681 καὶ
293 632 593 695 πεπωκότων,
622 631 761 696 οἶμαι,
790 635 864 682 καὶ
900 638 1076 698 μικρῶν
1103 631 1250 682 ὄντων
1285 636 1378 681 τῶν
1404 630 1695 699 παροξυνόν-
1710 642 1792 684 403

181 737 290 777 των,
318 716 540 814 εἰπούσης
565 739 610 766 τι
637 739 712 767 και
739 714 757 741 ‘¹
775 716 1129 781 δακρυσάσης
1108 716 1279 814 εκείνης
1304 713 1587 782 περιρρήξας
1620 713 1702 764 τὸν

183 798 464 863 χιτωνίσκον
490 800 515 848 ὃ
542 799 719 862 οἷκετης·
755 798 904 866 ξαίνει
936 797 1054 848 κατὰ
1080 804 1162 848 τοῦ
1192 798 1340 848 νώτου
1367 797 1568 849 πολλάς.
1610 797 1702 865 ε”ξω

183 881 222 929 δ’
271 883 411 943 αὐτῆς
462 882 584 932 οὖσα
636 882 725 933 ὑπὸ
775 888 858 932 τοῦ
908 888 1050 932 κακοῦ
1102 883 1177 931 καὶ
1220 887 1302 932 τοῦ
1349 880 1627 947 πράγματος
1670 881 1726 944 ἠδ

181 963 299 1028 γυνὴ
325 964 679 1028 ἀναπηδήσασα
717 967 1007 1031 προσπίπτει
1046 964 1166 1030 πρὸς
1201 965 1261 1014 τὰ
1285 963 1464 1029 γόνατα
1501 969 1567 1032 τῷ
1598 966 1695 1014 Ἰα-

87 1061 170 1091 220
183 1052 383 1110 τροκλεῖ,
423 1049 498 1098 καὶ
536 1048 622 1112 τὴν
662 1048 893 1114 τράπεζαν
933 1048 1195 1113 ἀνατρέπει.
1240 1050 1314 1098 καὶ
1353 1053 1390 1098 εἰ
1429 1048 1494 1111 μὴ
1532 1050 1699 1101 ἐκεῖνος

183 1130 440 1196 εάφείλετο,
480 1131 683 1180 ἀπώλετ’
725 1129 783 1181 ἂν
816 1130 1169 1196 παροινουμένη·
1213 1133 1287 1181 καὶ
1328 1130 1422 1196 γὰρ
1460 1131 1487 1194 ἡ
1524 1154 1693 1197 παροι-

743 1212 758 1239 f

182 1212 256 1261 νία
289 1219 372 1262 τοῦ
407 1213 705 1277 καθάρματος
771 1214 955 1264 τουτουῒ
989 1213 1129 1277 δεινή.
1173 1216 1378 1279 καὶπερὶ
1404 1213 1575 1276 ταύτης
1614 1217 1697 1276 τῆς

179 1295 431 1360 ἀνθρώπου
470 1297 544 1345 καὶ
579 1298 627 1346 ἐν
656 1297 884 1364 Ἀρκαδίᾳ
922 1295 1068 1361 λόγος
1106 1295 1163 1359 ἦν
1197 1298 1245 1346 ἐν
1270 1301 1365 1349 τοῖς
1401 1297 1592 1362 μυρίοις,
1620 1298 1694 1346 καὶ
1710 1318 1748 1340 10

181 1377 451 1446 Διόφαντος
489 1381 538 1428 ἐν
579 1380 685 1440 ὑμῖν
720 1389 740 1416 g
750 1379 1057 1444 ἀπήγγελλεν
1093 1379 1123 1430 ἂ
1158 1386 1239 1430 νῦν
1272 1385 1522 1446 μαρτυρεῖν
1556 1379 1696 1430 αὐτὸν

178 1460 452 1526 ἀναγκάσω,
493 1465 567 1512 καὶ
609 1461 728 1511 κατὰ
766 1463 1035 1512 Θετταλίαν
1074 1461 1226 1515 πολὺς
1268 1461 1413 1527 λόγος
1452 1465 1528 1512 καὶ
1568 1486 1692 1513 παν-

179 1549 339 1610 ταχοῦ.

84 1639 158 1669 221
256 1629 348 1677 Καὶ
383 1633 574 1677 τοιαῦτα
609 1627 832 1680 συνειδὼς
865 1630 991 1696 αὐτῷ
1028 1629 1338 1694 πεπραγμένα
1373 1631 1397 1678 ὁ
1433 1627 1695 1695 ἀκάθαρτος

177 1708 338 1763 Ἆοὺτος
388 1709 620 1774 τολμήσει
673 1710 886 1770 Ιβλεπειν
937 1710 1024 1765 ι(εἰς
1076 1713 1206 1773 ὑμᾶς,
1253 1713 1327 1761 καὶ
1378 1709 1480 1761 1τὸν
1522 1717 1743 1772 βεβιω-ι5

176 1816 316 1854 μενον
342 1795 507 1843 ωαὺτῶ
532 1794 639 1853 βίον
664 1795 828 1843 αὐτίκα
863 1793 919 1857 δὴ
944 1794 1059 1856 μάλ’
1083 1796 1177 1858 ερεῖ
1207 1798 1408 1862 λαμπρᾷ
1445 1798 1504 1861 τῇ
1543 1800 1692 1896 φωνῇ·

174 1877 250 1943 ἐφ’
297 1876 363 1930 οἷς
407 1899 555 1942 εγωγε
598 1879 964 1941 Πάποπνίγομαι.
1013 1879 1095 1927 οὐκ
1140 1900 1304 1927 ισασιν
1349 1878 1473 1927 οὗτοι
1515 1878 1568 1928 τὸ
1609 1879 1694 1940 μὲν

175 1960 234 2028 ἐξ
269 1963 415 2026 ἀρχῆς
453 1983 537 2015 τας
574 1961 775 2020 βίβλους
809 1958 1229 2025 ἀναγιγνώσκοντά
1260 1982 1318 2009 σε
1353 1964 1410 2026 τῇ
1446 1983 1586 2026 μητρι
1621 1984 1693 2012 τε-

177 2043 346 2110 λούσῃ,
375 2045 450 2093 καὶ
475 2046 621 2093 παῖδα
659 2041 772 2092 ὅντα
804 2044 852 2093 ἐν
884 2042 1067 2095 θιάσοις
1105 2044 1181 2092 καὶ
1215 2042 1469 2104 μεθύουσιν
1504 2044 1686 2108 ἀνθρώ-

83 2150 164 2180 222
176 2150 282 2180 ποις
333 2127 723 2189 καλινδούμενον;
770 2126 886 2189 μετὰ
929 2132 1075 2177 ταῦτα
1123 2126 1170 2176 δὲ
1220 2131 1321 2179 ταῖς
1361 2128 1524 2192 ἀρχαῖς
1570 2128 1684 2178 ὑπο-
1702 2151 1743 2172 20

176 2209 565 2276 γραμματεύοντα
608 2212 683 2261 καὶ
727 2214 889 2261 Οδυοῖν
933 2209 994 2274 Ρῆ
1039 2214 1180 2275 τριῶν
1219 2212 1442 2276 δραχμῶν
1484 2209 1691 2275 πονηρὸν

175 2294 323 2356 ὅντα;
365 2293 426 2344 τὰ
450 2301 694 2345 τελευταια
732 2295 799 2343 ‘¹3’
829 2294 1027 2361 ἔναγχος
1065 2295 1113 2343 ἐν
1145 2293 1383 2359 χορηγίοις
1421 2293 1690 2357 ἀλλοτρίοις

172 2378 250 2428 ἐπὶ
275 2380 341 2444 τῷ
366 2382 747 2442 τριταγωνιστεῖν
773 2378 1027 2443 ἀγαπητῶς
1058 2373 1474 2442 παρατρεφόμενον
1498 2397 1509 2436 3
1554 2379 1690 2425 ποῖον

231 2516 245 2539 )’
268 2510 398 2554 ἐχθρῶν
416 2509 501 2555 τῶν]
527 2510 657 2554 ἐχθρῶν
677 2510 728 2543 καὶ
750 2510 787 2543 F.
819 2509 950 2554 ἐχθρῶν
970 2523 1006 2541 τε
1027 2509 1079 2541 καὶ
1094 2507 1336 2546 Y.Q.O.t.u.v.
1448 2514 1465 2532 Ζ
1485 2507 1684 2553 ἀλιτηρίων]

175 2561 365 2607 ἀλητηρίων
387 2562 422 2596 S.
552 2568 571 2587 a
589 2563 701 2608 κάλει]
727 2563 820 2596 κάλει
841 2562 880 2605 δὴ
901 2562 989 2600 RQ.
1011 2567 1045 2595 et
1066 2574 1085 2595 a
1104 2573 1150 2594 m.
1173 2572 1240 2594 sec.
1263 2561 1297 2593 S.
1433 2559 1449 2581 Ι)
1470 2559 1563 2605 ἧκεν]
1588 2559 1691 2603 ἦλθεν

175 2616 316 2649 Α.1ς.1·-8.
486 2620 503 2640 0
522 2615 625 2660 ἔχων]
651 2617 766 2660 φέρων
785 2627 814 2648 r.
972 2612 990 2639 (ἰ
1018 2613 1252 2659 δακρυσάσης]
1278 2613 1527 2657 διακρουσάσης
1548 2613 1690 2646 A.k.r.S.

176 2674 193 2693 θ
212 2666 395 2713 ἀφείλετο]
419 2666 579 2712 ἐφείλετο
598 2681 634 2702 u.
664 2669 827 2711 ἀφείλετο
848 2667 951 2709 αὐτὴν
970 2667 1115 2700 A.k.r.s.
1200 2662 1215 2689 f
1232 2664 1384 2709 τουτουὶ]
1406 2664 1529 2699 τούτου
1548 2666 1690 2699 A.k.r.s.

175 2726 198 2754 g
217 2720 432 2766 ἀπήγγελλεν
454 2721 536 2754 S.Y.
568 2721 767 2767 Legebatur
785 2719 1006 2764 ἀπήγγειλεν.
1118 2715 1136 2742 h
1160 2717 1258 2752 οὗτος
1281 2718 1360 2751 S.Y.
1393 2718 1616 2752 Scribebatur
1635 2717 1692 2750 οὑ-

176 2774 268 2807 τοσί.
396 2769 405 2797 ἰ
425 2774 584 2819 βλέπειν]
609 2775 723 2819 λέγειν
741 2788 796 2819 γρ.
820 2773 856 2806 S.
980 2769 999 2795 k
1020 2771 1067 2806 εἷς
1085 2783 1153 2804 om.
1175 2777 1277 2804 t.u.v.
1300 2776 1333 2804 et
1354 2782 1406 2815 pr.
1430 2770 1474 2804 O.
1602 2767 1614 2794 Ῑ
1633 2770 1693 2803 τὸν

174 2825 405 2872 βεβιωμένον]
431 2829 498 2860 τῶν
516 2828 733 2869 βεβιωμένων
752 2838 779 2859 s.
905 2830 934 2848 ¹¹³
955 2825 1045 2870 αὑτῷ
1063 2822 1140 2864 βίον
1160 2835 1231 2857 om.
1254 2824 1398 2857 A.k.r.s.
1511 2828 1530 2847 n
1550 2822 1692 2856 ἀποπνί-

176 2877 297 2924 γομαι]
319 2878 565 2924 ἆποπνείγομαι
583 2891 635 2924 pr.
659 2880 693 2912 S.
850 2883 868 2901 0
888 2876 997 2922 δυοῖν]
1021 2877 1111 2910 δυεῖν
1132 2876 1205 2910 B.s.
1362 2881 1382 2908 P
1402 2875 1437 2921 ἦ]
1463 2876 1515 2909 καὶ
1535 2876 1692 2909 A.S.k.r.

178 2938 198 2966 ‘1
220 2930 249 2965 δ’
269 2930 459 2965 om.O.t.u.

237 3005 330 3030 vox„
356 3006 386 3031 1.
904 3003 927 3043 3
954 3004 966 3028 1
