1882 3250
229 195 285 237 92
749 191 1215 245 [ΔΗΜΟΣΘΕΝΟὙΣ]
1469 191 1548 230 On.
1570 190 1673 230 V11.
1699 204 1741 245 p.
1761 192 1855 246 85,r

229 304 430 374 γράφειν
449 304 506 356 ἂν
525 305 627 369 ἤδη,
645 308 681 355 εἰ
701 304 800 372 ᾔδει
818 303 904 367 τὴν
923 302 1106 369 εἰρήνην
1124 301 1365 365 ἐσομένην,
1384 303 1529 364 δῆλον
1548 304 1609 356 ὡς
1624 324 1741 367 προ-

231 411 589 457 κεχειρισμενων
625 391 699 439 καὶ
738 389 933 451 ἑτοίμων
969 386 1117 436 ὄντων
1149 389 1269 435 ἒιτῶν
1305 386 1508 449 ἀγαθῶν,
1543 385 1572 434 ἃ
1607 384 1743 448 ε’μὲλ-

162 488 216 529 35
231 480 377 535 λομεν
401 472 654 523 πείσεσθαι
680 474 762 534 τῆς
788 471 966 536 εἰρήνης
984 467 1273 533 1)γενομε’νης.
1319 468 1568 532 γενομένης
1588 467 1635 518 δὲ
1661 471 1744 531 τῆς

231 555 424 621 εἰρήνης,
462 552 492 604 ἃ
528 553 612 617 μὲν
646 554 774 616 ἡμεῖς
808 551 1070 615 ἐμέλλομεν
1107 549 1263 615 ἀγαθὰ
1299 551 1563 611 πείσεσθαι,
1598 552 1736 600 ἐκπο-
1757 577 1795 599 ιο

231 638 325 688 δών
351 639 467 698 ἐστι,
494 635 676 704 οφθορά
703 635 750 686 δὲ
778 640 870 685 τῶν
894 633 1146 698 (Ελλήνων
1171 634 1380 697 τοσαύτη
1406 634 1597 698 γε’γονεν
1623 633 1744 698 ὅσην

232 723 358 783 ὑμεῖς
401 720 519 771 ἰ’στε.
587 721 691 782 ὑμῖν
730 718 772 768 δ’
816 720 864 769 ἐν
902 722 959 785 τῇ
999 716 1116 767 ‘¹va
1160 719 1391 783 ἐπιστολῇ
1436 719 1742 784 ὑπισχνεῖται,
1861 688 1867 784 ἰ

232 803 311 854 ἐὰν
341 808 436 856 τοῖς
471 802 554 865 μὲν
584 804 771 852 θὲαυτοῡ
807 803 965 869 φίλοις
1001 803 1076 851 καὶ
1114 801 1228 866 ὑπὲρ
1263 803 1403 851 αὐτοῦ
1438 802 1636 866 λέγουσι
1669 824 1744 852 πι-
1860 787 1866 895 1

233 886 444 948 στεύητε,
483 886 603 947 ἡμᾶς
648 884 695 934 δὲ
739 883 846 937 τοὺς
893 883 1241 943 διαβάλλοντας
1286 883 1426 934 αὑτὸν
1467 883 1586 949 πρὸς
1631 886 1748 947 ὑμᾶς
1859 898 1865 942 1

164 979 218 1031 36
232 966 603 1033 Ῐθτιμωρήσησθε,
632 969 693 1019 ὡς
727 965 917 1031 μεγάλα
943 973 964 1001 g
972 968 1088 1029 ὑμᾶς
1113 965 1448 1032 1ἐὐεργετήσω
1502 966 1562 1018 τὰ
1590 968 1798 1030 με’ντοιιε,
1859 950 1864 977 ³

233 1050 577 1116 εὐεργετήματα
611 1055 802 1100 τοιαῦτα
836 1049 983 1100 ἔσται·
1027 1050 1130 1099 οὔτε
1165 1048 1224 1099 τὰ
1256 1049 1453 1115 ὑμέτερα
1488 1051 1594 1113 ὑμῖν
1623 1053 1745 1102 ἀπο-

233 1134 375 1185 δώσει
414 1133 595 1197 (ἱαὺτοῦ
633 1131 726 1198 γάρ
760 1136 911 1200 φησιν
945 1129 1096 1201 εἶναι),
1129 1131 1225 1182 οὔτ’
1254 1133 1302 1182 ἐν
1335 1135 1393 1199 τῇ
1428 1132 1668 1200 οἰκουμένῃ
1703 1137 1749 1184 αἱ

234 1218 401 1283 δωρεαὶ
442 1217 646 1277 ἔσονται,
690 1216 766 1265 ἵνα
809 1214 874 1278 μὴ
912 1218 1150 1281 διαβληθῇ
1191 1213 1309 1281 πρὸς
1346 1213 1453 1268 τοὺς
1486 1213 1748 1280 ρΈλληνας,

234 1303 344 1351 ἀλλ’
386 1301 515 1364 ἄλλη
553 1323 622 1353 τις
662 1300 794 1366 χώρα
836 1300 911 1348 καὶ
955 1297 1158 1360 1(ἄλλος,
1199 1301 1261 1351 ὡς
1304 1298 1436 1360 ε’ὀικε,
1474 1297 1618 1353 τόπος
1656 1304 1749 1367 φα-
1762 1326 1802 1348 20

236 1383 443 1447 νήσεται,
469 1380 543 1432 Ῑοῦ
570 1383 716 1445 ΠῙὺμῖν
743 1385 790 1431 αἱ
816 1382 981 1446 δωρεαὶ
1008 1380 1305 1444 δοθήσονται.

169 1479 220 1520 37
312 1467 430 1530 Περὶ
463 1467 502 1514 δ’
531 1463 596 1515 ὡν
622 1466 669 1515 ἐν
695 1468 753 1531 τῇ
780 1462 935 1530 εἰρήνῃ
961 1463 1127 1531 εἴληφε
1155 1463 1352 1530 χωρίων,
1381 1464 1509 1526 ὑμῶν
1534 1461 1752 1529 ἐχόντων,

236 1550 591 1613 παρασπονδῶν
617 1549 692 1597 καὶ
718 1546 875 1597 Ι“λύων
900 1546 985 1610 τὴν
1012 1545 1207 1613 εἰρήνην,
1234 1545 1390 1610 ἐπειδὴ
1417 1547 1499 1597 οὐκ
1525 1546 1619 1614 ε”χει
1649 1546 1675 1597 ὅ
1708 1569 1754 1597 τι

238 1631 383 1699 οεἴπῃ,
411 1632 519 1681 ἀλλ’
549 1632 720 1680 ἀδικῶν
756 1634 968 1697 φανερῶς
1002 1630 1358 1698 εξελέγχεται,’
1336 1652 1595 1693 επιτρεπειν
1629 1632 1752 1698 φησι

238 1737 344 1780 περι
369 1713 547 1764 τούτων
574 1714 753 1776 ἕτοιμος
780 1710 894 1762 εἶναι
924 1713 1016 1762 ἰ’σω
1051 1714 1125 1763 καὶ
1160 1717 1296 1781 κοινῷ
1322 1713 1620 1782 δικαστηριω,
1646 1736 1750 1779 περι
1765 1736 1802 1769 25

240 1797 305 1850 ὡν
324 1798 507 1862 Ρμόνων
527 1797 662 1848 οὐδεν
688 1802 759 1848 δεῖ
780 1799 1045 1862 ἐπιτροπῆς,
1065 1798 1174 1847 ἀλλ’
1195 1797 1389 1862 ἀριθμος
1414 1799 1597 1864 ἡμερῶν
1623 1799 1753 1848 ἐστιν

241 1884 266 1932 ὁ
298 1883 483 1948 κρίνων.
545 1879 746 1933 ἅπαντες
776 1878 870 1945 γὰρ
902 1880 1041 1941 ἰ’σμεν
1075 1881 1162 1930 τίνι
1196 1881 1305 1943 μηνὶ
1339 1882 1415 1930 καὶ
1448 1882 1573 1931 ιἷτίνι
1605 1881 1754 1949 ἡμέρᾳ

173 1965 268 2028 3ὃὴ
294 1964 449 2031 εἰρήνη
476 1964 672 2029 ἐγένετο.
734 1962 897 2029 ὥσπερ
925 1962 972 2012 δὲ
997 1968 1167 2012 Γταῦτα
1199 1963 1349 2026 ἰ’σμεν,
1382 1965 1568 2013 κάκεῖνα
1600 1964 1752 2027 ἴσμεν,

238 2072 327 2100 τινι
352 2050 462 2112 μηνὶ
485 2050 583 2097 Ξκαὶ
609 2070 697 2097 τινι
723 2046 871 2115 ἡμερα
889 2045 1129 2112 ἲΣερρειον
1148 2052 1298 2113 τεῖχος
1324 2049 1399 2097 καὶ
1424 2048 1658 2113 Ἐργίσκη
1679 2049 1754 2098 καὶ

238 2130 428 2197 Ιερον
411 2131 517 2197 όρος
543 2129 683 2181 ἑαλω.
737 2131 790 2180 οὐ
817 2129 872 2193 δὴ
900 2131 1059 2197 ἀφανῆ
1085 2131 1231 2180 ἐστὶ11
1239 2128 1298 2179 τὰ
1324 2130 1445 2179 οὕτω
1469 2130 1752 2196 πραχθεντα,
1768 2142 1819 2183 86

241 2215 346 2266 οὐδὲ
395 2216 591 2280 κρίσεως
644 2212 850 2277 δεόμενα,
899 2212 1031 2263 ἀλλὰ
1084 2218 1205 2263 πᾶσι
1260 2212 1473 2278 γνώριμα
1523 2220 1542 2239 x
1559 2212 1754 2278 πότερος

297 2359 316 2378 a
341 2356 408 2387 τῶν
434 2365 502 2388 om.
525 2353 568 2387 Ο.
719 2350 738 2377 b
758 2352 954 2398 γενομένης]
979 2352 1142 2395 ἐσομένης
1161 2351 1366 2385 F.Y.O.u.v.
1509 2356 1526 2376 0
1545 2351 1677 2397 φθορὰ]
1703 2352 1756 2385 καὶ

243 2407 357 2452 φθορὰ
379 2406 422 2440 Ο.
538 2403 556 2430 d
577 2405 651 2451 νῦν]
674 2407 745 2439 νυνὶ
766 2406 802 2440 S.
847 2405 952 2439 Conf.
975 2417 1008 2449 p.
1028 2404 1090 2450 87,
1113 2415 1144 2438 2.
1269 2410 1284 2429 e
1306 2406 1425 2438 ἑαυτοῦ
1447 2404 1482 2438 S.
1514 2405 1617 2438 αὐτοῦ
1637 2404 1755 2449 vulgo.

243 2456 259 2483 f
275 2458 534 2504 τιμωρήσησθε]
559 2457 810 2503 τιμωρήσεσθε.
935 2463 956 2490 g
976 2457 1060 2500 ὑμᾶς
1080 2469 1148 2490 om.
1170 2457 1251 2490 RS.
1361 2454 1380 2481 ¹¹
1402 2456 1635 2502 εὐεργετήσει]
1660 2457 1753 2501 εὐερ-

243 2511 401 2557 γετήσειν
422 2511 626 2545 F.Y.O.u.v.
709 2508 718 2535 ἱ
738 2510 857 2555 αὑτοῦ]
881 2511 984 2543 αὐτοῦ
1007 2510 1041 2543 S.
1073 2511 1193 2543 ἑαυτοῦ
1214 2510 1331 2554 vulgo.
1416 2506 1435 2533 k
1455 2509 1564 2543 ι’ίλλος
1585 2510 1620 2543 S.
1650 2509 1756 2544 ἄλλος

243 2579 295 2599 τις
313 2565 432 2609 Vulgo.
517 2561 527 2588 Ῑ
548 2563 604 2609 οὗ]
628 2565 691 2607 οὐχ
710 2576 762 2609 pr.
786 2563 821 2596 S.
855 2563 919 2606 ὁύχ
939 2568 1125 2596 correctus.
1219 2568 1249 2586 m
1271 2562 1364 2607 ὑμῖν]
1387 2562 1463 2605 ἡμῖν
1483 2575 1517 2596 u.
1603 2567 1622 2586 ¹¹
1641 2560 1751 2608 λύων]

245 2615 383 2651 κωλύων
403 2617 486 2651 O.u.
622 2622 640 2640 ⁰
661 2615 754 2660 εἴπῃ]
778 2615 866 2649 ε’ίποι
886 2615 968 2649 O.u.
989 2620 1024 2649 et
1044 2621 1220 2648 correctus
1239 2627 1271 2648 v.
1408 2620 1427 2647 Ρ
1447 2613 1573 2660 μόνων]
1595 2615 1699 2658 μόνον
1720 2614 1755 2648 S.

247 2675 265 2702 (1
285 2669 349 2703 τίνι
371 2670 487 2704 F.S.v.
538 2669 737 2714 Legebatur
755 2668 846 2712 ποίᾳ.
973 2673 987 2692 ¹'
1008 2669 1111 2701 ταῦτα
1129 2666 1248 2713 ἰ’σμεν]
1271 2666 1372 2711 ἰ’σμεν
1391 2670 1495 2701 ταῦτα
1515 2667 1557 2700 Y.
1669 2672 1684 2691 S
1705 2667 1757 2700 καὶ

1839 2423 1847 2660 ἰ

247 2738 330 2784 τίνι]
357 2739 407 2772 καὶ
426 2737 506 2782 ποίᾳ
526 2738 568 2771 Y.
590 2744 624 2772 et
643 2752 697 2783 γρ.
720 2737 758 2770 F.
888 2736 901 2761 t
922 2738 1077 2782 σέρρειον
1097 2737 1135 2770 F.
1167 2730 1321 2782 ffe‘ppe‘tov
1343 2737 1382 2770 B.
1434 2735 1657 2769 scribebatur
1677 2736 1757 2780 Σέρ-
1838 2660 1844 2755 Ι

246 2805 332 2835 ριον.
378 2791 477 2825 Idem
492 2791 616 2824 vitium
637 2796 831 2824 correctum
851 2802 886 2835 p.
903 2801 915 2823 1
929 2800 986 2834 14,
1002 2787 1059 2829 16,
1072 2797 1130 2835 17.
1152 2801 1166 2824 1
1175 2800 1194 2835 3
1202 2800 1237 2833 3,
1252 2801 1262 2823 1
1274 2800 1308 2835 5,
1330 2789 1483 2823 secundo
1503 2794 1538 2822 et
1557 2787 1662 2822 tertio
1680 2788 1758 2822 loco
1836 2759 1842 2854 ἱ

249 2855 290 2876 ex
313 2844 347 2883 S,
368 2844 481 2889 primo
505 2856 545 2877 ex
570 2844 782 2887 conjectura.
840 2843 949 2876 Recta
975 2842 1127 2876 nominis
1156 2843 1327 2887 scriptura
1353 2853 1408 2886 ap.
1434 2841 1652 2886 Stephanum
1673 2840 1756 2885 Byz.
1836 2855 1840 2882 Ι

1829 2886 1839 3250 'i

249 2901 301 2929 est
321 2902 356 2929 et
377 2897 703 2941 Harpocrationem.
798 2901 816 2919 ¹¹
837 2896 877 2929 τὰ
900 2895 934 2928 S.
964 2896 1069 2928 ταῦτα
1087 2895 1205 2940 vulgo.
1297 2900 1314 2919 Χ
1336 2893 1494 2938 πότερος]
1519 2895 1663 2938 πότερον
1683 2903 1757 2926 eol·-

248 2954 364 2981 rectus
386 2951 420 2982 S.
