1903 3271
61 200 226 244 353,26.
503 190 629 227 ΠΕΡΙ
661 189 772 226 ΤΗΣ
803 188 1265 226 ΠΑΡΑΠΡΕΣΒΕΙΑΣ.
1553 182 1637 226 369

601 298 932 363 ῒάπήγγειλεν,
970 298 1045 347 ἵνα
1082 300 1190 361 μηδ’
1227 297 1484 361 ἐγκαλέσαι
1521 295 1637 359 μηδὲ

125 299 394 362 Ξέβούλετο,
430 299 563 352 οὗτος

126 384 414 451 μέμψασθαι
450 381 593 446 μηδὲν
628 382 825 447 ὕστερον
855 382 1019 444 “ὑμεΐς
1049 387 1068 406 '¹
1086 380 1234 446 ε”χοιτε
1261 380 1502 446 Φιλίππῳ,
1533 377 1636 442 μήτ’
1651 393 1732 436 353

127 468 177 517 ἐν
217 468 448 532 ἐπιστολῇ
493 464 599 528 μήτ’
639 465 846 514 Υὸίλλοθι
890 466 1106 527 μηδαμοῦ
1147 467 1274 512 Ζτῶν
1318 466 1429 527 παρ’
1470 463 1641 511 ἐκείνου

127 549 306 600 τούτων
332 547 572 599 ῧένόντων.
623 547 731 612 λε’γε
759 549 796 597 δ’
824 548 978 599 αὐτοῖς
1005 544 1148 609 αὐτὴν
1174 544 1258 608 τὴν
1284 544 1556 607 ἐπιστολὴν,
1583 543 1641 607 ἢν

128 633 310 700 ἔγραψε
354 631 438 694 μὲν
476 631 621 693 οὗτος,
662 631 846 699 ἔπεμψε
885 634 925 680 δ’
964 631 1147 682 ἐκεῖνος·
1202 631 1277 678 καὶ
1319 631 1533 678 σκοπεῖθ’
1571 627 1670 680 ὅτιὸ

128 722 295 767 τοῦτον
320 715 411 782 ἔχει
437 714 519 765 τὸν
544 713 733 781 τρόπον,
760 712 812 764 ὃν
839 712 1131 782 διεξελήλυθ’
1159 712 1264 777 ἐγώ.
1321 712 1447 776 λέγε.

725 814 1046 855 ΕΠΙΣΤΟΛΗ.

61 908 116 950 43
202 887 433 950 Ἀκούετε,
454 885 518 937 ἱ’ὦ
545 887 707 954 ἄνδρες
731 888 986 950 Ἀθηναῖοι,
1007 888 1112 949 οτῆς
1137 886 1406 948 ἐπιστολῆς,
1430 887 1491 937 ὡς
1518 881 1640 946 καλὴ

127 975 204 1023 καὶ
243 971 593 1039 φιλάνθρωπος.
646 974 753 1037 περὶ
792 970 840 1021 δὲ
879 970 1108 1020 ὀΦωκέων
1145 967 1174 1032 ἢ
1215 969 1442 1032 Θηβαίων
1482 966 1509 1031 ἢ
1547 971 1641 1017 τῶν
1657 988 1694 1009 10

629 1051 643 1078 f

129 1055 295 1104 ἄλλων
333 1052 420 1104 θῶν
458 1054 591 1108 οὗτος
648 1051 947 1118 ἀπήγγειλεν,
987 1050 1090 1101 οὐδὲ
1128 1056 1264 1116 ἕγρῦ.
1332 1049 1502 1113 ταύτης
1540 1050 1638 1099 τοί-

129 1163 211 1190 νυν
249 1140 341 1189 οὐδ’
383 1139 537 1189 ὁτιοῦν
581 1139 680 1189 ἐσθ’
723 1137 861 1202 ὑγιές.
928 1139 1004 1186 καὶ
1047 1136 1170 1186 τοῦτ’
1213 1134 1376 1185 αὐτίκα
1414 1133 1470 1196 δὴ
1511 1131 1644 1196 μάλα

140 1224 151 1239 z
216 1227 236 1236 Α
307 1221 329 1240 ‚t
597 1225 606 1237 e
699 1220 711 1238 x
823 1220 834 1235 x
908 1218 954 1245 h‘
1065 1224 1084 1232 Α
1195 1218 1213 1237 A
1289 1218 1310 1236 et

128 1245 255 1286 υμεις
300 1226 499 1290 οψεσθε.
567 1245 610 1272 οι
655 1244 739 1284 μεν
778 1243 870 1286 γαρ
961 1225 1116 1280 Αλεις,
1162 1241 1240 1271 ους
1291 1241 1365 1268 ινα
1409 1218 1637 1266 συνδιαλ-

129 1305 344 1356 λάττωσι
394 1310 648 1371 κατασχεῖν
694 1306 816 1372 φησὶ
860 1303 1064 1364 τούτους,
1103 1301 1317 1365 τοιαύτης
1359 1299 1644 1367 τετυχήκασι

1074 1385 1094 1412 Ις

61 1389 413 1454 44ὶδιαλλαγῆς
452 1388 564 1440 ὥστ’
605 1388 916 1457 ἐξελήλανται
961 1389 1036 1437 καὶ
1085 1386 1369 1438 ’ἀνάστατος
1406 1385 1460 1449 1η
1505 1384 1643 1437 πόλις
1660 1406 1695 1436 15

129 1474 283 1523 αὐτῶν
322 1472 501 1538 γε’γονε·
557 1471 664 1524 τοὺς
710 1472 746 1520 δ’
789 1471 1132 1538 αἰχμαλώτους,
1179 1472 1203 1520 ὁ
1253 1473 1448 1520 σκοπῶν
1492 1469 1541 1518 τί
1588 1467 1645 1517 ἂν

128 1561 313 1608 ῐΕ’ποιῶν
340 1558 445 1619 ὑμῖν
470 1556 735 1622 χαρίσαιτο,
761 1555 854 1605 οὐδ’
883 1554 1198 1617 ἐνθυμηθῆναί
1224 1556 1348 1620 φησι
1379 1553 1638 1602 λύσασθαι.

126 1639 474 1706 μεμαρτύρηται
520 1637 568 1688 δὲ
613 1637 843 1702 δήπουθεν
890 1639 996 1701 ὑμῖν
1036 1639 1084 1687 ἐν
1122 1640 1188 1705 τῷ
1233 1635 1364 1704 δήμῳ
1408 1634 1644 1688 πολλάκις

129 1725 191 1776 ὡς
235 1721 326 1788 ἐγὼ
371 1721 606 1772 τάλαντον
656 1721 776 1788 ε”χων
824 1722 891 1771 ἐπ’
933 1719 1098 1774 αὐτοὺς
1149 1718 1352 1787 ᾠχόμην,
1399 1721 1473 1769 καὶ
1524 1724 1699 1768 Πνῦν20

130 1805 555 1872 μαρτυρηθήσεται·
623 1803 692 1854 διὸ
744 1808 820 1854 καὶ
879 1802 963 1867 τὴν
1020 1803 1134 1867 ἐμὴν
1185 1805 1459 1872 φιλοτιμίαν
1513 1802 1646 1855 οὗτος

63 1905 118 1948 45
133 1889 474 1959 ἀφαιρούμενος
512 1889 634 1939 τοῦτ’
670 1888 853 1939 ε”πεισεν
888 1890 1059 1938 ἐκεῖνον
1085 1886 1372 1956 Οέγγράψαι.
1435 1886 1460 1937 ὃ
1492 1887 1647 1937 τοίνυν

131 1973 358 2038 μέγιστον
385 1972 618 2024 ἁπάντων·
660 1973 684 2021 ὁ
711 1970 803 2038 γὰρ
829 1975 890 2025 εἷς
922 1970 1007 2035 τὴν
1041 1971 1274 2037 προτέραν
1311 1969 1505 2037 γράψας
1541 1972 1643 2020 ε’πι-

132 2055 329 2120 στολὴν,
350 2056 408 2120 ἢν
434 2057 691 2121 ἠνέγκαμεν
717 2056 859 2118 ἡμεῖς,
881 2055 951 2105 ὅτι
977 2063 1004 2083 “
1020 2055 1228 2122 ἔγραφον
1248 2055 1311 2103 Ρδ’
1335 2053 1392 2103 ἂν
1419 2057 1491 2104 καὶ
1519 2056 1646 2119 διαρ-

132 2147 160 2169 “
184 2139 330 2206 ρήδην
356 2140 526 2202 (Ᾰὴλίκα
558 2141 675 2202 ὑμᾶς
702 2140 750 2189 εὖ
783 2139 983 2202 ποιήσω,
1012 2143 1048 2188 εὶ
1075 2139 1124 2188 εὖ
1149 2135 1276 2205 ᾔδειν
1303 2139 1377 2187 καὶ
1403 2137 1487 2200 τὴν
1514 2160 1639 2199 συμ-
1660 2160 1696 2190 25

131 2229 159 2252 ‘⁴
183 2223 359 2288 μαχίαν
403 2245 481 2285 μοι
525 2221 889 2287 γενησομένην,”
933 2222 1206 2287 Τγεγονυίας
1249 2224 1331 2284 τῆς
1375 2221 1646 2287 συμμαχίας

185 2401 200 2420 S
221 2395 384 2437 ἐβούλετο
404 2408 474 2430 om.
495 2397 530 2430 k.
635 2395 643 2415 ¹
665 2396 888 2441 ἀπήγγειλεν]
912 2395 1128 2441 ἀπήγγελλεν
1149 2397 1261 2429 A.k.s.
1362 2400 1382 2419 ¹¹
1403 2395 1496 2438 ὑμεῖς
1516 2407 1585 2428 om.
1606 2395 1643 2429 k.

131 2449 166 2483 in
187 2461 296 2495 marg.
317 2449 423 2483 habet
441 2451 483 2483 A.
595 2455 610 2471 x
632 2449 760 2495 ἔχοιτε]
787 2449 921 2483 Literas
941 2463 972 2482 οι
992 2449 1027 2482 in
1047 2450 1152 2482 litura
1171 2449 1275 2482 habet
1295 2450 1335 2482 A.
1378 2448 1527 2481 Videtur
1546 2449 1646 2491 ἔχητε

132 2503 301 2548 scriptum
320 2502 439 2543 fuisse,
459 2515 537 2548 quae
557 2503 698 2547 vulgata
717 2508 797 2536 ante
819 2502 1002 2536 Reiskium
1021 2502 1125 2536 lectio
1144 2502 1222 2535 fuit.
1379 2507 1397 2533 δ’
1417 2500 1558 2544 ἄλλοθι]
1581 2500 1644 2534 ἅλ-

131 2557 213 2589 λοτε
234 2556 270 2589 S.
338 2561 356 2579 Ζ
375 2555 460 2601 τῶν]
485 2557 554 2590 τοῖς
574 2555 769 2594 Q.O.r.u.v.
800 2555 835 2588 ἐν
855 2557 925 2590 τοῖς
943 2570 999 2600 γρ.
1019 2555 1055 2589 S.
1078 2567 1149 2590 om.
1170 2555 1250 2588 SY.
1319 2559 1337 2578 a
1357 2553 1514 2599 ἐνόντων]
1540 2552 1646 2586 ὅντων

133 2608 372 2642 F.Y.O.t.u.V.
537 2605 557 2632 b
578 2605 605 2642 ὦ
623 2620 692 2642 om.
712 2608 822 2642 O.t.11.
987 2614 1003 2632 ὓ
1022 2610 1082 2651 τῆς
1100 2607 1302 2652 ἐπιστολῆς]
1327 2606 1387 2649 τὴν
1407 2606 1593 2648 ἐπιστολὴν
1612 2619 1644 2640 v.

132 2658 153 2686 d
172 2661 310 2695 Φωκέων
329 2660 347 2704 ἢ
369 2660 543 2707 Θηβαίων]
568 2661 715 2704 θηβαίων
736 2660 753 2704 ἢ
774 2661 914 2706 φωκέων
930 2661 1167 2699 F.Q.O.r.u.v.
1226 2666 1241 2684 e
1262 2656 1306 2693 ὧν
1326 2672 1394 2693 om.
1412 2672 1446 2694 u.
1505 2656 1520 2683 f
1536 2658 1644 2704 ἀπήγ-

131 2716 244 2759 γειλεν
265 2715 301 2748 S.
342 2715 541 2760 Legebatur
561 2714 745 2760 ἀπήγγειλε
765 2715 850 2758 πρὸς
871 2714 964 2755 ὑμᾶς.
1139 2719 1159 2745 g
1178 2715 1243 2758 γρῦ
1262 2712 1469 2750 A.F.Y.Q.k
1483 2724 1550 2747 r.u.
1581 2711 1645 2757 γρύ

132 2768 249 2813 vulgo.
283 2768 458 2801 Accentus
478 2780 596 2801 erasus
616 2768 651 2801 in
674 2768 721 2808 S„
739 2767 798 2812 qui
819 2779 869 2812 pr.
885 2765 950 2812 γρύ
970 2766 1104 2800 habuit.
1180 2763 1200 2790 h
1219 2765 1346 2811 Ἁλεῖς]
1370 2764 1462 2800 ἅλεις
1480 2765 1521 2798 Y.
1551 2765 1645 2800 ι’ίλεις

134 2820 283 2856 O.t.u.v.
305 2826 339 2854 et
357 2834 413 2866 γρ.
434 2822 471 2855 k.
507 2823 616 2855 αλεεις
638 2821 673 2854 S.
830 2816 840 2843 i
861 2819 1063 2865 διαλλαγῆς]
1085 2821 1144 2862 τῆς
1163 2819 1349 2863 διαλλαγῆς
1369 2818 1642 2856 F.Q.O.r.t.u.V.

134 2869 154 2897 k
174 2872 380 2920 ἀνάστατος]
405 2873 626 2908 ἀνάσπαστος
647 2874 689 2907 Y.
764 2869 774 2896 Ῑ
794 2872 812 2915 ἡ
832 2874 932 2907 πόλις
950 2871 1075 2917 αὐτῶν]
1099 2873 1208 2906 αὐτῶν
1229 2871 1246 2915 ἡ
1269 2873 1366 2906 πόλις
1386 2872 1420 2905 k.
1491 2877 1521 2895 m
1541 2874 1646 2904 ποιῶν

134 2937 202 2960 om.
226 2927 339 2960 S.Y.S.
423 2933 444 2951 Π
465 2927 540 2972 νῦν]
565 2928 624 2960 νῦν
643 2927 678 2960 δέ
699 2927 843 2961 A.k.r.s.
928 2931 946 2949 0
967 2925 1156 2971 ἐγγράψαι]
1181 2923 1350 2970 ἐγκρύψαι
1370 2925 1412 2958 Y.
1498 2930 1516 2957 P
1536 2923 1565 2958 δ’
1584 2922 1640 2970 ἂν]

133 2979 194 3021 μὲν
212 2977 252 3013 ἂν
271 2979 360 3018 F..Q
436 2985 455 3013 q
475 2979 589 3025 ἡλίκα]
615 2979 707 3023 ἡνίκα
729 2980 765 3013 S.
844 2984 858 3002 ¹*
879 2978 1071 3024 γεγονυίας]
1094 2979 1270 3024 γεγονυίας
1290 2978 1326 3012 δὲ
1349 2978 1590 3016 F.Q.O.r.u.V.

192 3054 290 3080 v01..
314 3055 342 3080 1.
858 3053 882 3092 3
910 3054 930 3078 B
