1903 3271
38 186 265 228 —434‚28.
531 174 658 211 ΠΕΡΙ
689 174 800 211 THE
834 173 1297 210 ΠΑΡΑΠΡΕΣΒΕΙΑΣ.
1587 172 1670 214 459

1212 289 1231 297 rs

159 284 409 350 ἐπετήρουν
434 288 476 334 οἱ
501 285 644 334 ἄλλοι
674 282 846 335 πάντες
872 280 1150 345 “”Ελληνες·
1179 306 1260 332 νυν
1279 284 1344 332 Χδ’
1369 283 1455 345 ἤδη
1481 304 1664 347 περιερ-

161 367 318 434 χόμεθ’
358 368 487 430 ἡμεῖς
536 368 584 416 τί
630 367 839 416 δέδοκται
889 370 983 417 τοῖς
1033 366 1199 417 ἄλλοις
1250 371 1550 425 σκοποῦντες,
1596 368 1671 415 καὶ

162 453 564 503 ὠτακουστοῦντες
608 451 657 499 τί
696 449 755 500 τὰ
798 453 892 498 τῶν
931 447 1190 513 Ἀρκάδων,
1230 449 1278 498 τί
1316 448 1375 497 τὰ
1412 452 1506 497 τῶν
1544 449 1665 509 Ἀμ-

161 533 436 602 φικτυόνων,
455 538 540 583 ποῖ
559 531 750 598 πάρεισι
778 533 1029 592 Φίλιππος,
1053 532 1107 597 ζῇ
1133 530 1160 594 ἦ
1188 531 1417 594 τέθνηκεν.
1466 531 1518 580 οὐ
1544 538 1666 580 Υτοι-
1682 552 1698 581 5

66 623 279 681 33ιαῦτα
308 622 563 678 ποιοῦμεν,
606 616 698 680 ἐγὼ
734 615 782 665 δὲ
817 617 869 665 οὐ
905 615 1098 677 δέδοικα,
1125 619 1161 665 εὶ
1196 616 1435 666 Φίλιππος
1467 614 1535 680 ζῇ,
1562 616 1671 663 ἀλλ’

162 705 199 751 εἰ
233 703 315 763 τῆς
345 699 528 752 πόλεως
559 700 748 763 τέθνηκε
779 698 832 750 τὸ
858 699 965 752 τοὺς
992 701 1264 751 ἀδικοῦντας
1298 703 1453 761 μισεῖν
1488 700 1563 747 καὶ
1597 721 1668 747 τι-

161 787 432 849 μωρεῖσθαι.
497 782 598 833 οὐδὲ
635 787 779 850 φοβεῖ
812 806 867 845 με
903 783 1156 843 Φίλιππος,
1191 779 1247 831 ἂν
1282 781 1340 831 τὰ
1374 783 1482 846 παρ’
1510 782 1673 843 Ζὑμῶν

163 866 358 933 ὑγιαίνῃ,
397 867 506 916 ἀλλ’
549 871 585 916 εἰ
629 867 738 932 παρ’
782 868 922 929 ἃὺμῖν
967 866 1095 915 ἄδεια
1133 864 1381 929 γενήσεται
1425 869 1519 917 τοῖς
1563 865 1670 930 παρ’

159 950 330 1000 ἐκείνου
355 954 631 1015 μισθαρνεῖν
657 949 974 1012 βουλομένοις,
1001 952 1075 999 καὶ
1102 947 1386 1014 ἱ’συνεροῦσί
1419 971 1535 1000 τινες
1568 948 1725 998 τού-ιο

159 1054 255 1086 τοις
293 1037 386 1083 τῶν
421 1035 528 1100 οὑφ’
562 1036 688 1097 ὑμῶν
727 1033 1122 1095 πεπιστευμένων,
1162 1036 1235 1083 καὶ
1274 1032 1430 1083 πάντα
1468 1031 1550 1082 τὸν
1588 1032 1669 1094 ἔμ-

160 1121 372 1181 προσθεν
406 1116 576 1182 χρόνον
613 1118 885 1182 ἀρνούμενοι
925 1118 988 1179 μὴ
1024 1116 1243 1182 πράττειν
1280 1115 1395 1180 ὑπὲρ
1433 1116 1675 1165 Φιλίππου

64 1226 148 1268 332
163 1205 245 1249 νῦν
270 1199 606 1262 ἀναβήσονται,
633 1206 780 1250 ταῦτα
817 1205 961 1267 φοβεῖ
991 1223 1063 1262 με.
1116 1201 1164 1249 τί
1187 1222 1280 1265 γαρ
1308 1198 1408 1262 δή(1
1420 1221 1547 1260 ποτε,
1575 1199 1670 1248 Εὕ-

160 1289 320 1343 βουλε,
360 1283 640 1351 Ἡγησίλεῳ
685 1283 769 1345 μὲν
810 1282 1135 1351 κρινομένῳ,
1117 1306 1166 1336 ος
1204 1282 1396 1350 ἀνεψιός
1434 1283 1540 1332 ἐστί
1582 1304 1675 1343 σοι,

161 1370 236 1417 καὶ
263 1367 599 1435 Θρασυβούλῳ
625 1367 800 1432 πρώην,
827 1372 893 1436 τῷ
919 1366 1189 1432 Νικηράτου
1222 1369 1340 1435 θείῳ,
1370 1368 1443 1417 ε’πὶ
1477 1365 1561 1426 μὲν
1594 1368 1676 1428 τῆς
1690 1388 1724 1420 15

161 1450 349 1516 πρώτης
388 1449 560 1518 ψήφου
598 1452 689 1501 οὐδ’
732 1452 997 1501 ὑπακοῦσαι
1043 1450 1327 1512 καλούμενος
1367 1450 1576 1512 θῆθελες,
1615 1452 1678 1501 εἷς

161 1533 210 1585 δὲ
243 1533 297 1584 τὸ
331 1535 508 1597 τίμημα
543 1533 723 1594 ἀναβὰς
761 1533 876 1599 ὑπὲρ
915 1534 999 1596 μὲν
1034 1535 1216 1584 ἐκείνων
1252 1534 1343 1583 οὐδ’
1377 1534 1531 1583 ὁτιοῦν
1569 1531 1675 1582 ε”λε-

162 1640 255 1683 γες,
291 1617 416 1668 ἐδέου
450 1617 498 1668 δὲ
535 1622 629 1667 τῶν
670 1621 906 1667 δικαστῶν
943 1616 1234 1682 συγγνώμην
1273 1616 1392 1683 ἔχειν
1432 1638 1523 1667 σοι.
1582 1613 1679 1665 εἶτα

164 1701 279 1767 ὑπὲρ
318 1701 401 1764 μὲν
439 1705 685 1766 συγγενῶν
725 1703 799 1751 καὶ
837 1701 1103 1765 ἀναγκαίων
1140 1699 1399 1766 ἀνθρώπων
1436 1700 1517 1750 οὐκ
1555 1701 1672 1749 ἀνα·
1691 1722 1729 1744 20

0 1766 2 1836 ζ
66 1801 148 1844 333
163 1787 350 1847 βαίνεις,
397 1784 511 1850 ὑπὲρ
557 1785 788 1851 Αἰσχίνου
834 1783 882 1835 δὲ
928 1783 1198 1847 Ῠάναβήσει,
1244 1782 1306 1844 ὃς,
1349 1783 1460 1846 ἡνίκ’
1504 1783 1678 1848 ε”κρινεν

161 1871 469 1935 Ἀριστοφῶν
495 1868 803 1918 ἕΦιλόνεικον
829 1871 904 1918 καὶ
931 1869 984 1918 δι’
1013 1868 1185 1918 ἐκείνου
1218 1872 1311 1917 τῶν
1343 1890 1421 1917 σοι
1455 1890 1672 1932 πεπραγ-

161 1953 312 2015 μένων
338 1950 597 2016 κατηγόρει,
624 1950 969 2017 συγκατηγόρει
1005 1952 1101 2013 μετ’
1128 1953 1298 2001 ἐκείνου
1329 1973 1420 2000 σου
1448 1953 1522 2000 καὶ
1548 1949 1567 1976 h
1583 1956 1678 2000 τῶν

162 2038 342 2103 ἐχθρῶν
367 2040 459 2085 τῶν
485 2039 587 2084 σῶν
614 2034 676 2088 εἷς
702 2034 962 2102 ἐξητάζετο.
1007 2034 1162 2097 ἐπειδὴ
1189 2035 1236 2085 δὲ
1260 2034 1324 2084 σὺ
1350 2034 1433 2097 μὲν
1458 2037 1678 2085 τουτουσὶ

162 2119 497 2188 ἰδεδιξάμενος,
548 2122 622 2169 καὶ
673 2119 835 2185 φήσας
886 2120 1182 2179 καταβαίνειν
1230 2124 1292 2172 εὶς
1338 2123 1534 2185 Πειραιᾶ
1584 2123 1678 2169 δεῖν
1693 2145 1728 2176 25

164 2203 252 2268 ἤδη
291 2205 366 2254 καὶ
403 2202 605 2269 χρήματ’
644 2203 878 2269 εισφερειν
917 2226 989 2252 και
1031 2226 1090 2252 τα
1128 2202 1324 2268 θεωρικα
1363 2203 1677 2268 στρατιωτικὰ

163 2292 323 2348 ποιεῖν,
362 2285 390 2349 ἢ
430 2291 707 2353 χειροτονεῖν
746 2283 776 2335 ἂ
812 2291 1003 2336 συνεῖπε
1047 2286 1131 2347 μὲν
1169 2286 1314 2395 οῦΙτος,
1355 2286 1536 2353 ἔγραψε
1575 2286 1678 2335 δ’ὁ

69 2369 392 2437 334βδελυρὸς
428 2369 737 2435 Φιλοκράτης,
766 2367 913 2438 ke'}
879 2375 942 2419 ὡν
977 2369 1181 2436 αἰσχρὰν
1212 2368 1332 2419 1οἰντ
1358 2369 1464 2431 ’ίσης
1499 2369 1678 2432 συνεβη

221 2517 236 2531 ¹¹
252 2510 435 2556 Ἕλληνες]
459 2510 609 2553 ἑλλήνων
628 2523 654 2543 r.
731 2515 745 2530 x
767 2511 795 2544 δ’
818 2511 878 2553 ἤδη
900 2510 1131 2549 Α.8.(ζ,ὶ.1ς,ι·.5.
1170 2510 1368 2555 Legebatur
1389 2509 1424 2542 δὲ
1445 2508 1496 2551 δή.
1572 2515 1590 2542 5
1609 2523 1678 2542 τοι-

166 2598 266 2643 αῦτα]
288 2600 393 2632 ταῦτα
412 2598 526 2633 A.k.s.
638 2605 653 2623 Ζ
673 2597 781 2644 ὑμῶν]
807 2597 884 2641 ὑμῖν
904 2599 1008 2632 A.r.s.
1041 2597 1117 2641 ἡμῖν
1137 2598 1172 2631 k.
1280 2602 1298 2621 a
1318 2596 1410 2642 ὑμῖν]
1436 2573 1513 2638 ἔμῖν
1534 2596 1571 2629 F.
1602 2595 1679 2638 ἡμῖν

169 2668 292 2703 S.Y.k.
376 2664 396 2691 b
417 2666 618 2712 συνεροῦσί]
644 2661 845 2711 συναῗρουσι
867 2667 902 2700 S.
988 2671 1004 2690 ⁰
1025 2664 1082 2709 ὑφ’
1104 2665 1213 2711 ὑμῶν]
1238 2664 1315 2708 παρ’
1339 2665 1428 2708 ὑμῶν
1447 2676 1474 2697 Γ.
1504 2662 1582 2708 παρ’
1603 2663 1679 2706 ἡμῖν

167 2721 281 2755 A.k.s.
430 2716 449 2744 d
468 2719 569 2765 ποτε]
594 2734 659 2753 που
680 2719 723 2758 Q.
888 2725 903 2743 e
924 2719 1042 2762 ἤθελες
1063 2718 1144 2752 S-Y.
1166 2724 1200 2752 et
1219 2732 1273 2763 γρ.
1296 2718 1336 2752 F.
1368 2716 1540 2760 ἠθέλησας
1558 2717 1676 2762 vulgo.

169 2771 184 2799 f
198 2772 362 2817 ἀναβήσει
384 2773 419 2806 S.
448 2772 602 2816 ἀναβήσῃ
622 2773 740 2818 vulgo.
870 2778 890 2804 g
910 2771 1120 2817 Φιλόνεικον]
1145 2773 1324 2815 φιλόνικον
1343 2770 1545 2804 A.O.k.s.u.
1577 2770 1679 2814 φιλό-

169 2844 276 2886 νέικον
295 2865 327 2886 v.
458 2849 476 2876 b
499 2855 565 2886 τῶν
584 2853 715 2898 ἐχθρῶν
734 2854 800 2885 τῶν
821 2851 909 2896 σῶν]
933 2854 1000 2884 τῶν
1020 2853 1091 2883 σῶν
1109 2851 1239 2895 ἐχθρῶν
1258 2862 1286 2884 r.
1414 2847 1424 2873 i
1445 2848 1675 2894 δεδιξάμενος]

168 2906 400 2950 δεδειξάμενος
420 2905 460 2940 Α.
492 2906 672 2950 δεξάμενος
692 2910 867 2939 correctus
886 2905 922 2937 k.
1087 2901 1104 2925 ¹<
1126 2904 1163 2948 ἐξ
1183 2899 1228 2937 ὧν
1247 2915 1318 2938 om.
1339 2915 1390 2948 pr.
1415 2903 1460 2942 S,
1481 2902 1518 2935 in
1538 2913 1607 2947 quo
1627 2902 1679 2935 in-

169 2965 302 2993 sertum
321 2964 374 2993 est
393 2971 413 2992 a
431 2971 477 2993 m.
499 2970 568 2993 sec.
734 2955 744 2982 1
765 2957 834 2991 ἀντ’
854 2956 950 3002 ἴσης]
977 2957 1175 3002 Legebatur
1194 2956 1269 2991 ἀντὶ
1289 2957 1400 2999 καλῆς.
1445 2955 1591 2990 correxi
1609 2953 1679 2988 ἀντ’

870 3031 995 3072 3N2
