1882 3250
250 164 306 202 30
790 168 1222 207 ΔΗΜΟΣΘΕΝΟΎΣ
1467 167 1549 206 οη.
1573 166 1638 206 11.
1661 180 1702 222 p.
1723 167 1790 218 26,
1808 185 1826 223 ξ
1872 170 1873 173 ’

184 293 234 333 28
251 288 379 350 ὑμῶν
403 288 555 339 αὐτῶν
580 293 768 355 πρῶτον
805 289 991 358 ὑπάρξῃ
1029 288 1088 339 τὰ
1119 290 1294 340 δεόντα.
1339 290 1462 343 τίνος
1489 288 1582 356 γὰρ
1617 290 1790 353 ἕνεκα,5

249 368 286 421 ῶ
311 371 473 437 ἄνδρες
500 373 755 436 Ἀθηναῖοι,
777 372 979 437 νομίζετε
1006 378 1171 423 τοῦτον
1196 372 1281 436 μὲν
1302 374 1490 441 φεύγειν
1517 372 1599 423 τὸν
1617 372 1761 423 πόλε-

247 477 336 516 μον
369 453 549 508 πάντας
589 455 730 509 ὅσους
767 456 823 506 ἂν
857 456 1128 523 ἐκπέμψητε
1168 455 1478 522 στρατηγοὺς,
1518 454 1686 509 ὴῖδίους
1721 457 1759 507 δ’

248 539 475 604 εὑρίσκειν
512 539 760 602 πολέμους,
800 545 837 589 εὶ
875 543 946 589 δεῖ
986 562 1029 589 τι
1074 544 1168 589 τῶν
1212 539 1360 590 ὄντων
1401 541 1475 590 καὶ
1518 541 1623 605 περὶ
1666 543 1761 589 τῶν

247 627 530 687 στρατηγῶν
568 627 739 682 εἰπεῖν;
781 621 851 671 ὅτι
889 625 1087 673 ἐνταῦθα
1117 622 1201 686 μέν
1239 625 1341 673 ἐστι
1380 622 1439 673 τὰ
1471 620 1610 681 ἆθλα,
1645 622 1758 689 ὑπὲρ
1777 652 1813 674 ιο

247 703 312 756 ῶν
353 707 483 756 ἐστὶν
525 707 549 755 ὁ
593 704 816 768 πόλεμος,
859 707 1068 772 ὑμέτερα·
1111 708 1405 774 Ἀμφίπολις
1450 706 1537 757 κᾶν
1578 709 1759 773 ληφθῇ,

248 793 561 856 ἰπαραχρῆμα
597 788 752 852 Ῐὺμεῖς
794 795 1046 852 κομιεῖσθε·
1096 795 1136 841 οἱ
1179 790 1227 841 δὲ
1270 793 1470 841 κίνδυνοι
1514 794 1608 840 τῶν
1645 792 1754 855 ἐφε-

246 872 493 936 στηκότων
537 874 655 936 ἴδιοι,
697 872 868 936 μισθὸς
917 875 955 924 δ’
1003 875 1084 924 οὐκ
1135 874 1280 924 ἔστιν·
1325 876 1419 924 ἐκεῖ
1466 873 1513 924 δὲ
1558 875 1760 924 κίνδυνοι
1830 937 1847 954 ς

245 955 330 1019 μὲν
360 956 595 1018 ἐλάττους,
622 956 679 1006 τὰ
716 955 764 1009 δὲ
799 956 1027 1021 λήμματα
1059 962 1152 1008 τῶν
1188 956 1518 1027 ἐφεστηκότων
1557 959 1630 1007 καὶ
1666 961 1761 1008 τῶν

246 1047 564 1107 στρατιωτῶν,
592 1041 874 1110 Λάμψακος,
915 1040 1140 1108 ΙςΣίγειον,
1172 1041 1231 1093 τὰ
1267 1047 1414 1093 πλοῖα
1452 1040 1482 1092 ἃ
1520 1046 1753 1093 συλῶσιν.
1776 1067 1810 1098 ¹5

181 1124 330 1181 29¹e'7r’
361 1127 441 1176 οὖν
466 1124 519 1176 τὸ
548 1131 832 1176 λυσιτελοῦν
858 1127 1012 1179 αὑτοῖς
1038 1126 1229 1176 ἕκαστοι
1259 1132 1511 1193 χωροῦσιν.
1555 1127 1680 1189 ὑμεῖς
1707 1127 1762 1189 δ’,

246 1211 360 1262 ὅταν
391 1209 475 1274 μὲν
514 1214 576 1263 εἷς
613 1209 673 1260 τὰ
704 1209 961 1276 πράγματα
1002 1209 1314 1278 ἀποβλέψητε
1351 1210 1548 1278 φαύλως
1582 1209 1762 1276 ἔχοντα,

245 1293 353 1348 τοὺς
378 1293 699 1363 ἐφεστηκότας
726 1294 916 1360 κρίνετε·
961 1293 1074 1344 ὅταν
1099 1293 1148 1344 δὲ
1175 1293 1330 1347 δόντες
1357 1292 1505 1358 λόγον
1530 1293 1614 1346 τὰς
1640 1292 1758 1344 ἀνά-

246 1402 364 1444 γκας
416 1378 647 1442 ἀκούσητε
698 1377 882 1439 ταύτας,
928 1378 1101 1444 ἀφίετε.
1151 1379 1362 1444 περίεστι
1413 1379 1568 1428 τοίνυν
1611 1379 1762 1440 ῐηὺμῖν

246 1462 479 1527 ἀλλήλοις
520 1463 676 1528 ἐρίζειν
718 1463 793 1511 καὶ
837 1460 1088 1524 διεστάναι,
1132 1467 1227 1514 τοῖς
1274 1461 1360 1526 μὲν
1403 1468 1551 1513 ταῦτα
1594 1484 1815 1513 πεπει-ιο
1856 1482 1859 1486 ’

246 1548 452 1612 σμένοις,
481 1552 576 1599 τοῖς
609 1545 656 1596 δὲ
688 1552 848 1608 ταῦτα,
875 1545 935 1596 τὰ
967 1544 1098 1595 κοινὰ
1136 1547 1173 1596 δ’
1205 1546 1350 1612 ι’ἔχειν
1390 1546 1599 1614 φαύλως.
1638 1545 1759 1612 πρό-

247 1655 381 1699 τερον
406 1631 490 1695 μὲν
515 1629 622 1696 γὰρ,
649 1628 685 1680 ὦ
712 1630 874 1696 ἄνδρες
907 1631 1161 1694 Ἀθηναῖοι,
1191 1629 1451 1698 εἰσεφέρετε
1487 1629 1606 1681 κατὰ
1632 1653 1757 1693 συμ-

246 1717 424 1782 μορίας,
452 1718 575 1766 ονυνὶ
600 1713 649 1764 δὲ
674 1713 981 1765 πολιτεύεσθε
1007 1713 1126 1764 κατὰ
1152 1714 1433 1780 συμμορίας.
1474 1713 1630 1780 ῥήτωρ
1657 1714 1764 1779 ἡγε-

246 1800 349 1864 μὼν
389 1799 629 1865 ἑκατέρων,
669 1802 742 1848 καὶ
777 1797 1048 1864 στρατηγὸς
1093 1796 1181 1848 ὑπὸ
1220 1798 1408 1867 Ι)τούτῳ,
1450 1799 1524 1848 καὶ
1563 1801 1606 1848 οἱ
1641 1801 1757 1862 βοη-
1775 1826 1812 1858 25

248 1883 442 1948 σόμενοι
479 1881 790 1949 Ἷτριακόσιοι·
834 1885 875 1931 οἱ
915 1883 950 1931 δ’
987 1881 1131 1932 ἄλλοι
1170 1882 1558 1948 προσνενέμησθε
1597 1886 1638 1932 οἱ
1677 1880 1763 1945 μὲν

178 1985 234 2027 30
249 1968 311 2020 ὡς
349 1964 552 2027 τούτους,
593 1968 634 2014 οἱ
673 1963 720 2014 δὲ
760 1965 821 2018 ὡς
861 1965 1072 2018 ἐκείνους.
1119 1967 1190 2015 δεῖ
1224 1964 1280 2028 δὴ
1325 1970 1473 2015 ταῦτα
1512 1964 1765 2018 ἐπανέντας

249 2053 324 2101 καὶ
352 2052 480 2113 ὑμῶν
506 2050 659 2099 αὐτῶν
685 2048 750 2098 ε”τι
777 2050 852 2098 καὶ
878 2053 960 2098 νῦν
985 2048 1258 2114 γενομένους
1295 2047 1448 2099 κοινὸν
1474 2050 1549 2099 καὶ
1575 2047 1629 2099 τὸ
1655 2048 1761 2099 Τλε’-

249 2157 348 2200 γειν
383 2136 458 2184 καὶ
491 2132 545 2184 τὸ
580 2131 894 2194 βουλεύεσθαι
932 2136 1008 2182 καὶ
1042 2131 1096 2182 τὸ
1130 2132 1352 2198 πράττειν
1389 2135 1599 2196 ποιῆσαι.
1639 2137 1677 2183 εἱ
1715 2131 1764 2183 δὲ
1846 2197 1849 2206 A

249 2223 344 2272 τοῖς
378 2216 461 2279 μὲν
497 2215 661 2281 ὥσπερ
701 2217 749 2265 ἐκ
788 2215 1056 2280 τυραννίδος
1095 2217 1246 2278 ὃὺμῶν
1280 2214 1539 2266 ἐπιτάττειν
1571 2216 1758 2267 ἀποδώ-
1778 2236 1849 2278 27

250 2326 373 2365 σετε,
399 2307 494 2354 τοῖς
526 2302 562 2350 δ’
598 2298 968 2365 ῑάναγκάζεσθαι
1002 2304 1310 2366 τριηραρχεῖν,
1342 2299 1590 2368 εἰσφέρειν,
1616 2323 1766 2366 στρα-

305 2431 325 2458 h
345 2432 467 2478 ἰδίους]
493 2432 559 2476 ἰδίᾳ
581 2430 701 2465 O.u.V.
872 2426 881 2453 i
902 2431 1106 2474 παραχρῆμα
1128 2430 1162 2463 S.
1209 2430 1408 2475 Legebatur
1426 2431 1631 2475 παραχρῆμα
1649 2431 1766 2475 αὐτήν.

251 2487 354 2531 αὐτὴν
373 2498 441 2520 om.
465 2485 569 2519 etiam
586 2485 627 2518 B.
649 2484 684 2517 in
698 2495 767 2529 quo
784 2495 954 2529 superscr.
974 2497 1029 2529 γρ.
1047 2485 1099 2517 καὶ
1118 2483 1221 2527 αὐτὴν
1241 2484 1344 2526 ὑμεῖς.
1411 2480 1423 2516 J'
1446 2483 1538 2527 ὑμεῖς
1558 2497 1627 2518 0111.
1648 2496 1702 2530 pr.
1718 2485 1762 2520 Y.

1340 2548 1355 2564 U

254 2572 272 2601 k
297 2573 444 2620 Σίγειον]
470 2573 583 2618 σι’-γιον
605 2573 639 2606 S.
778 2568 787 2595 l
808 2571 879 2616 ἐπ’]
906 2571 960 2605 ἐπὶ
982 2571 1022 2604 Β.
1171 2576 1194 2591 ¹¹³
1218 2571 1311 2617 ὑμῖν]
1337 2574 1413 2615 ημῖν
1434 2571 1518 2606 B.F.
1550 2571 1628 2615 ἡμῖν
1646 2573 1763 2619 vulgo.

1469 2645 1477 2662 l

253 2677 272 2695 Π
293 2669 399 2716 ἔχειν]
422 2671 492 2714 ἕχει
512 2682 565 2714 pr.
589 2667 678 2702 Y.O.
791 2673 808 2692 0
829 2666 918 2712 νυνὶ]
945 2670 1003 2700 νῦν
1022 2668 1063 2702 Y.
1176 2673 1195 2701 P
1215 2667 1342 2715 τούτῳ]
1366 2644 1494 2702 τοίη-2ης
1508 2667 1548 2703 F.
1589 2669 1686 2703 Nihil
1707 2681 1765 2704 su-

252 2724 485 2770 perscriptum
506 2723 541 2756 in
564 2723 604 2756 B.
703 2726 722 2753 q
743 2719 947 2766 τριακόσιοι]
975 2721 1175 2767 Legebatur
1195 2723 1226 2755 οἱ
1246 2723 1445 2767 τριακόσιοι.
1477 2722 1674 2756 Articulum
1694 2735 1767 2757 om.

254 2777 392 2811 codices
411 2788 534 2811 omnes
555 2775 675 2819 (etiam
697 2775 761 2819 S.),
782 2786 846 2808 nec
865 2774 994 2819 legitur
1012 2788 1046 2821 p.
1071 2784 1150 2821 172,
1172 2785 1207 2819 3.
1321 2782 1334 2801 Γ
1353 2777 1468 2821 λέγειν
1487 2776 1539 2809 καὶ
1558 2776 1597 2809 τὸ
1615 2776 1764 2817 βουλεύ-

254 2830 370 2876 εσθαι]
389 2829 618 2871 βουλεύεσθαι
637 2829 690 2861 καὶ
709 2829 747 2862 τὸ
763 2827 876 2873 λέγειν
893 2828 926 2861 S.
957 2830 1070 2874 λέγειν
1090 2829 1196 2862 καὶτὸ
1208 2827 1399 2869 βούλεσθαι
1414 2828 1542 2863 Y.O.u.
1613 2834 1628 2854 S
1648 2829 1758 2876 ὑμῶν]

253 2897 344 2961 ὑμῶν
363 2930 396 2951 v.
507 2916 520 2941 t
538 2915 1072 2962 ἀνογκάζεσθαι-ψηφὶζεσθαι]
1093 2892 1589 2961 ἀναγκαζεσθΞι-ψηφιζεσθέ
1608 2931 1642 2950 αι
1666 2922 1763 2952 utro-

253 2982 321 3016 que
341 2983 361 3004 a
380 2983 427 3004 m.
449 2982 517 3004 ree.
537 2970 678 3014 scripto,
702 2969 736 3002 S.
