1882 3250
258 177 314 216 28
802 177 1229 216 ΔΗΝῙΟΣΘΕΝΟΤΣ
1485 175 1568 216 On.
1592 174 1656 215 II.
1678 189 1718 230 p.
1738 186 1804 226 24,
1820 191 1882 217 o—

259 287 468 354 doaepbv
504 284 547 356 ᾗ,
574 289 695 339 οὕτω
722 290 797 339 καὶ
823 292 917 339 τῶν
950 287 1161 339 Θπόλεων
1187 290 1262 339 καὶ
1288 292 1382 338 τῶν
1407 286 1661 354 τυράννων,
1687 288 1771 341 ἕως

258 372 342 437 μὲν
385 371 443 423 ἂν
486 371 577 441 ἔξω
627 376 918 435 πολεμῶσιν,
965 374 1123 439 ἀφανῆ
1169 371 1228 422 τὰ
1274 370 1393 421 κακὰ
1434 377 1529 425 τοῖς
1570 377 1771 425 πολλοῖς

259 458 403 518 ἐστιν,
429 455 615 506 ἐπειδὰν
641 455 688 506 δὲ
716 455 885 521 ὅμορος
909 454 1117 517 πόλεμος
1143 459 1428 522 συμπλακῇ,
1457 454 1614 505 πάντα
1638 455 1766 506 ε’ποί-
1786 479 1824 502 ιο

259 561 376 602 ησεν
402 538 590 602 ἔκδηλα.

193 643 245 673 22
334 626 391 673 ΕΖ
429 622 482 672 δέ
507 645 575 676 τις
611 623 753 685 ὑμῶν,
780 619 816 672 ὦ
844 623 1007 688 ἄνδρες
1034 623 1289 686 Ἀθηναῖοι,
1316 620 1399 672 τὸν
1425 622 1668 672 Φίλιππον
1694 622 1771 672 εὐ·

256 712 490 774 τυχοῦντα
507 706 628 771 ὁρῶν
648 705 793 772 ταύτῃ
821 705 1028 773 φοβερὸν
1046 708 1452 771 προσπολεμῆσαι
1476 705 1657 772 νομίζει,
1677 706 1775 756 σώ-

258 794 433 859 φρονος
458 788 542 852 μὲν
568 790 818 854 ἀνθρώπου
845 794 1066 856 λογισμῷ
1093 792 1276 856 χρῆται·
1318 787 1504 854 μεγάλη
1525 788 1617 856 γὰρ
1636 788 1773 855 ῥοπὴ,

256 879 448 938 μᾶλλον
474 873 523 923 δὲ
549 871 623 923 ῐτὸ
651 873 765 923 ὅλον
792 874 819 932 ἡ
846 872 964 939 τύχη
1000 872 1129 938 παρὰ
1166 871 1326 923 gwivr’
1355 874 1455 922 ἐστὶ
1481 872 1540 922 τὰ
1565 877 1659 922 τῶν
1685 875 1766 922 ἀν·
1790 901 1798 920 ι
1806 899 1823 930 5

259 956 461 1023 θρώπων
498 955 771 1022 πράγματα·
819 958 872 1006 οὐ
914 955 1007 1019 μὴν
1045 956 1157 1006 ἀλλ’
1200 956 1363 1021 ἔγωγε,
1404 956 1447 1005 εἴ
1486 977 1556 1008 τις
1596 957 1776 1022 αἵρεσίν

257 1063 337 1105 μοι
375 1039 518 1104 ΙἸδοιή,
558 1038 644 1104 τὴν
682 1042 765 1103 τῆς
802 1041 1024 1106 ἡμετέρας
1064 1038 1246 1093 πόλεως
1283 1040 1429 1106 τύχην
1466 1038 1524 1090 ἂν
1564 1041 1773 1104 ἑλοίμην,

257 1123 515 1175 ἐθελόντων
554 1121 584 1173 ἃ
622 1122 851 1188 προσήκει
890 1128 1038 1174 ποιεῖν
1078 1125 1206 1186 ὑμῶν
1232 1125 1386 1174 αὐτῶν
1412 1126 1505 1174 ὶκαὶ
1544 1123 1662 1175 κατὰ
1695 1148 1771 1187 μι·

257 1207 384 1274 κρὸν,
424 1206 451 1271 ἢ
495 1206 580 1271 τὴν
616 1208 800 1258 ἐκείνου·
839 1207 968 1259 πολὺ
999 1207 1092 1273 γὰρ
1130 1209 1319 1260 πλείους
1360 1207 1578 1276 ἀφορμὰς
1619 1213 1681 1262 εἱς
1719 1209 1773 1260 τὸ

256 1289 342 1355 τὴν
374 1290 504 1356 παρὰ
542 1295 636 1341 τῶν
668 1295 785 1341 θεῶν
827 1293 1006 1342 εὔνοιαν
1039 1291 1160 1358 ε”χειν
1199 1293 1292 1358 ὁρῶ
1327 1290 1463 1355 Κὴμῖν
1493 1292 1690 1346 ἐνούσας
1725 1291 1825 1358 Ῑῆῑο

191 1375 418 1444 23’κείνῳ.
475 1376 603 1437 ἀλλ’,
644 1372 783 1437 οἶμαι,
825 1374 1067 1439 καθήμεθα
1111 1374 1242 1425 οὐδὲν
1282 1381 1533 1428 ποιοῦντες·
1586 1377 1670 1426 οὐκ
1708 1376 1775 1427 ε”νι

256 1460 294 1509 δ’
342 1458 522 1509 ωαύτὸν
566 1461 801 1525 ἀργοῦντα
843 1459 946 1509 οὐδὲ
990 1464 1114 1512 ”ross
1160 1460 1320 1527 φίλοις
1360 1457 1618 1510 ἐπιτάττειν
1660 1459 1775 1526 ὑπὲρ

256 1545 398 1595 αὑτοῦ
431 1565 474 1594 τι
513 1548 673 1605 ποιεῖν,
700 1543 764 1606 μή
793 1544 840 1593 τί
862 1566 915 1608 γε
943 1541 1000 1606 δὴ
1026 1548 1122 1596 τοῖς
1153 1547 1287 1597 θεοῖς.
1334 1544 1387 1593 οὐ
1414 1542 1470 1607 δὴ
1497 1544 1774 1606 θαυμαστόν

255 1630 399 1691 ἐστιν,
426 1632 463 1678 εὶ
491 1627 859 1694 στρατευόμενος
885 1631 959 1677 καὶ
980 1631 1138 1678 πονῶν
1159 1630 1328 1680 ἐκεῖνος
1348 1627 1486 1681 αὐτὸς
1513 1630 1588 1678 καὶ
1608 1627 1774 1694 παρὼν

256 1713 329 1781 ἐφ’
369 1710 524 1763 ἅπασι
563 1714 639 1762 καὶ
679 1710 882 1775 Ομηδένα
928 1710 1088 1777 καιρὸν
1126 1712 1257 1774 Ρμηδ’
1302 1711 1426 1776 ὥραν
1465 1713 1773 1777 παραλείπων
1785 1730 1822 1763 25

255 1798 388 1861 ἡμῶν
437 1795 714 1859 μελλόντων
767 1797 841 1845 καὶ
894 1794 1232 1863 ψηφιζομένων
1288 1798 1363 1846 καὶ
1413 1796 1778 1860 πυνθανομένων

254 1881 587 1946 περιγίγνεται.
632 1878 763 1929 (ὶούδὲ
799 1878 1016 1944 θαυμάζω
1060 1879 1181 1929 τοῦτ’
1221 1879 1331 1943 ἐγώ·
1373 1879 1644 1929 τούναντίον
1681 1878 1776 1944 γὰρ

254 1961 338 2014 Υᾶν
372 1962 429 2027 ἧν
465 1962 757 2026 θαυμαστὸν,
784 1967 821 2012 εἰ
847 1962 991 2026 μηδὲν
1016 1968 1253 2016 ποιοῦντες
1292 1963 1420 2026 ἡμεῖς
1455 1959 1520 2012 ὧν
1545 1968 1641 2016 τοῖς
1678 1986 1768 2014 πο-

255 2053 457 2111 λεμοῦσι
490 2045 719 2113 προσήκει
753 2052 836 2096 τοῦ
871 2045 1028 2097 πάντα
1064 2051 1307 2099 ποιοῦντος
1343 2043 1398 2096 Ξᾶ
1429 2047 1500 2096 δεῖ
1530 2049 1770 2112 περιῆμεν.
1786 2059 1836 2102 25

1633 2127 1652 2136 Α
1704 2131 1727 2148 ³!

190 2145 244 2187 24
256 2132 366 2181 ἀλλ’
395 2132 538 2181 ἐκεῖνο
577 2128 812 2196 θαυμάζω,
848 2133 884 2179 εἰ
917 2130 1297 2192 Λακεδαιμονίοις
1335 2130 1420 2193 μέν
1455 2152 1582 2192 ποτε,
1615 2135 1654 2180 ὠ
1692 2153 1767 2181 αν-

256 2219 360 2281 δρες
393 2215 650 2277 Ἀθηναῖοι,
681 2213 794 2278 ὑπὲρ
832 2218 926 2263 τῶν
965 2214 1262 2277 Ἑλληνικῶν
1302 2214 1490 2263 δικαίων
1529 2213 1774 2279 ἀντήρατε,

631 2393 647 2411 0

308 2414 327 2444 d
347 2418 502 2465 σαθρῶν]
528 2419 668 2465 σαθρων
688 2419 724 2453 S.
746 2418 846 2453 litera
867 2434 891 2452 ω
911 2418 947 2452 in
968 2430 1088 2453 rasura
1107 2418 1247 2465 scripta.
1361 2424 1376 2444 e
1396 2420 1776 2465 πόλεων-κεφάλαιον

255 2473 306 2519 (p.
329 2483 388 2520 27,
413 2475 465 2519 7.)
487 2484 556 2508 om.
577 2476 640 2515 Aa,
662 2484 705 2507 ex
725 2484 794 2518 quo
816 2472 944 2506 excidit
963 2472 1087 2507 folium
1107 2485 1229 2506 unum.
1335 2470 1347 2498 f
1360 2473 1400 2506 τὸ
1422 2484 1492 2507 om.
1517 2473 1770 2509 B.F.O.S.u.v.

253 2565 274 2594 g
292 2558 411 2606 πάντ’]
433 2559 552 2594 ἅπαντ’
572 2559 664 2594 A.Y.
799 2556 820 2584 h
841 2559 931 2606 δοίη]
957 2537 1036 2603 &guy
1059 2560 1143 2594 B.F.
1186 2560 1266 2604 δώιη
1289 2560 1322 2594 S.
1485 2557 1494 2585 i
1515 2562 1568 2595 καὶ
1587 2567 1668 2596 ante
1687 2560 1770 2594 κατὰ

253 2625 324 2648 om.
348 2613 467 2648 O.u.v.
545 2610 563 2637 k
587 2613 679 2660 ἡμῖν]
703 2613 779 2657 ὑμῖν
799 2613 876 2647 Α.Β
896 2613 1056 2648 F.S.Y.v.
1141 2611 1151 2638 Ῑ
1173 2613 1190 2657 ἢ
1210 2612 1334 2661 ’κείνῳ]
1361 2613 1585 2648 Scribebatur
1604 2614 1622 2658 ἢ
1642 2614 1766 2661 ἐκείνῳ.

252 2667 334 2702 Vid.
353 2667 398 2701 ad
417 2679 450 2713 p.
471 2678 535 2713 41,
562 2678 619 2713 17.
731 2674 756 2689 ¹¹¹
777 2667 896 2713 αὐτὸν]
920 2666 961 2700 αὖ
980 2668 1040 2700 τὸν
1062 2667 1224 2702 B.O.u.v.
1337 2673 1351 2689 ¹¹
1370 2669 1441 2703 τοῖς
1460 2680 1529 2702 om.
1553 2668 1767 2703 B.Y.O.u.v.

252 2720 288 2754 in
308 2735 363 2767 γρ.
385 2721 492 2755 habet
512 2720 550 2754 F.
581 2735 636 2766 γρ.
657 2721 734 2755 οὐδὲ
754 2724 822 2754 τῶν
842 2721 955 2764 φίλων
975 2732 1097 2767 margo
1119 2721 1158 2755 B.
1317 2726 1335 2745 0
1350 2721 1492 2768 μηδένα]
1513 2722 1557 2766 μὴ
1577 2723 1613 2756 δὲ
1635 2721 1766 2757 B.F.S.

253 2813 272 2841 p
292 2807 386 2854 μηδ’]
410 2808 454 2851 μὴ
475 2806 503 2842 δ’
526 2808 580 2846 Β.,
601 2820 773 2854 superser.
794 2823 850 2854 γρ.
873 2808 1009 2852 μηδένα.
1137 2816 1155 2844 (ι
1186 2808 1280 2855 οὐδὲ]
1315 2809 1397 2852 οὐδ’)
1428 2809 1468 2843 Β.
1496 2788 1576 2849 οὐδῧ
1599 2808 1639 2844 F.
1669 2810 1708 2843 οὐ
1728 2809 1769 2852 δὴ

254 2861 374 2896 O.u.v.
396 2867 431 2895 et
450 2875 505 2907 γρ.
529 2862 563 2895 S.
715 2869 728 2888 ¹·
747 2859 787 2895 ἂν
806 2874 875 2895 om.
898 2862 1031 2896 AVRY.
1160 2867 1174 2886 ³
1195 2860 1214 2895 ἃ
1235 2862 1284 2895 δεῖ
1303 2874 1373 2896 om.
1396 2875 1449 2908 pr.
1475 2863 1510 2896 S.
