<?xml version="1.0" encoding="UTF-8"?>
<!DOCTYPE html PUBLIC "-//W3C//DTD XHTML 1.0 Transitional//EN"
    "http://www.w3.org/TR/xhtml1/DTD/xhtml1-transitional.dtd">
<html xmlns="http://www.w3.org/1999/xhtml" xml:lang="en" lang="en">
 <head>
  <title>
</title>
<meta http-equiv="Content-Type" content="text/html;charset=utf-8" />
  <meta name='ocr-system' content='tesseract 3.04.00' />
  <meta name='ocr-capabilities' content='ocr_page ocr_carea ocr_par ocr_line ocrx_word'/>
</head>
<body>
  <div class='ocr_page' id='page_1' title='image "./operaexrecension01demouoft_0059.png"; bbox 0 0 1882 3250; ppageno 0'>
   <div class='ocr_carea' id='block_1_1' title="bbox 0 178 1554 234">
    <p class='ocr_par' dir='ltr' id='par_1_1' title="bbox 0 178 1554 234">
     <span class='ocr_line' id='line_1_1' title="bbox 0 178 1554 234; baseline -0.002 -16"><span class='ocrx_word' id='word_1_1' title='bbox 0 192 57 234; x_wconf 82' lang='lat'>31,</span> <span class='ocrx_word' id='word_1_2' title='bbox 82 194 134 219; x_wconf 66' lang='grc' dir='ltr'>ρει.</span> <span class='ocrx_word' id='word_1_3' title='bbox 585 178 946 217; x_wconf 72' lang='grc' dir='ltr'>ΟΛῬΝΘΙΑΚΟΣ</span> <span class='ocrx_word' id='word_1_4' title='bbox 978 180 1019 216; x_wconf 91' lang='grc' dir='ltr'>Γ.</span> <span class='ocrx_word' id='word_1_5' title='bbox 1500 178 1554 216; x_wconf 79' lang='grc'>35</span> 
     </span>
    </p>
   </div>
   <div class='ocr_carea' id='block_1_2' title="bbox 51 287 1607 771">
    <p class='ocr_par' dir='ltr' id='par_1_2' title="bbox 51 287 1607 771">
     <span class='ocr_line' id='line_1_2' title="bbox 56 287 1552 356; baseline -0.003 -15"><span class='ocrx_word' id='word_1_6' title='bbox 56 291 218 356; x_wconf 76' lang='grc' dir='ltr'>ἄνδρες</span> <span class='ocrx_word' id='word_1_7' title='bbox 243 291 498 353; x_wconf 89' lang='grc' dir='ltr'>Ἀθηναῖοι,</span> <span class='ocrx_word' id='word_1_8' title='bbox 516 288 645 352; x_wconf 91' lang='grc' dir='ltr'>πλὴν</span> <span class='ocrx_word' id='word_1_9' title='bbox 669 292 859 352; x_wconf 82' lang='grc' dir='ltr'>βοηθεῖν</span> <span class='ocrx_word' id='word_1_10' title='bbox 882 287 1149 354; x_wconf 79' lang='grc' dir='ltr'>ἐρρωμένως</span> <span class='ocrx_word' id='word_1_11' title='bbox 1175 290 1249 337; x_wconf 77' lang='grc' dir='ltr'>καὶ</span> <span class='ocrx_word' id='word_1_12' title='bbox 1274 288 1552 352; x_wconf 72' lang='grc' dir='ltr'>προθύμως-ς</span> 
     </span>
     <span class='ocr_line' id='line_1_3' title="bbox 53 368 1555 439; baseline -0.003 -16"><span class='ocrx_word' id='word_1_13' title='bbox 53 372 144 438; x_wconf 79' lang='grc' dir='ltr'>ἐγὼ</span> <span class='ocrx_word' id='word_1_14' title='bbox 181 372 266 436; x_wconf 84' lang='grc' dir='ltr'>μὲν</span> <span class='ocrx_word' id='word_1_15' title='bbox 304 373 390 439; x_wconf 81' lang='grc' dir='ltr'>οὐχ</span> <span class='ocrx_word' id='word_1_16' title='bbox 429 373 538 438; x_wconf 82' lang='grc' dir='ltr'>ὁρῶ·</span> <span class='ocrx_word' id='word_1_17' title='bbox 580 374 721 438; x_wconf 78' lang='grc' dir='ltr'>χωρὶς</span> <span class='ocrx_word' id='word_1_18' title='bbox 762 370 854 437; x_wconf 82' lang='grc' dir='ltr'>γὰρ</span> <span class='ocrx_word' id='word_1_19' title='bbox 894 373 976 433; x_wconf 84' lang='grc' dir='ltr'>τῆς</span> <span class='ocrx_word' id='word_1_20' title='bbox 1009 369 1302 435; x_wconf 81' lang='grc' dir='ltr'>περιστάσης</span> <span class='ocrx_word' id='word_1_21' title='bbox 1339 368 1396 419; x_wconf 80' lang='grc' dir='ltr'>ἂν</span> <span class='ocrx_word' id='word_1_22' title='bbox 1436 370 1555 432; x_wconf 77' lang='grc' dir='ltr'>ἡμᾶς·</span> 
     </span>
     <span class='ocr_line' id='line_1_4' title="bbox 53 451 1607 524; baseline -0.005 -18"><span class='ocrx_word' id='word_1_23' title='bbox 53 455 293 523; x_wconf 78' lang='grc' dir='ltr'>αἰσχύνης,</span> <span class='ocrx_word' id='word_1_24' title='bbox 331 459 369 506; x_wconf 79' lang='grc' dir='ltr'>εἰ</span> <span class='ocrx_word' id='word_1_25' title='bbox 408 454 725 524; x_wconf 81' lang='grc' dir='ltr'>καθυφείμεθά</span> <span class='ocrx_word' id='word_1_26' title='bbox 764 477 807 504; x_wconf 95' lang='grc' dir='ltr'>τι</span> <span class='ocrx_word' id='word_1_27' title='bbox 849 459 943 504; x_wconf 87' lang='grc' dir='ltr'>τῶν</span> <span class='ocrx_word' id='word_1_28' title='bbox 982 452 1287 520; x_wconf 82' lang='grc' dir='ltr'>πραγμάτων,</span> <span class='ocrx_word' id='word_1_29' title='bbox 1332 451 1435 503; x_wconf 79' lang='grc' dir='ltr'>οὐδὲ</span> <span class='ocrx_word' id='word_1_30' title='bbox 1475 452 1556 504; x_wconf 82' lang='grc' dir='ltr'>τὸν</span> <span class='ocrx_word' id='word_1_31' title='bbox 1569 469 1607 499; x_wconf 86' lang='lat'>²5</span> 
     </span>
     <span class='ocr_line' id='line_1_5' title="bbox 53 534 1558 606; baseline -0.002 -18"><span class='ocrx_word' id='word_1_32' title='bbox 53 537 222 606; x_wconf 86' lang='grc' dir='ltr'>φόβον,</span> <span class='ocrx_word' id='word_1_33' title='bbox 261 535 298 587; x_wconf 70' lang='grc' dir='ltr'><em>ὦ</em></span> <span class='ocrx_word' id='word_1_34' title='bbox 336 538 497 603; x_wconf 77' lang='grc' dir='ltr'>ἄνδρες</span> <span class='ocrx_word' id='word_1_35' title='bbox 534 539 787 600; x_wconf 87' lang='grc' dir='ltr'>Ἀθηναῖοι,</span> <span class='ocrx_word' id='word_1_36' title='bbox 824 535 989 601; x_wconf 85' lang='grc' dir='ltr'>μικρὸν</span> <span class='ocrx_word' id='word_1_37' title='bbox 1030 538 1122 602; x_wconf 84' lang='grc' dir='ltr'>ὁρῶ</span> <span class='ocrx_word' id='word_1_38' title='bbox 1163 536 1246 586; x_wconf 85' lang='grc' dir='ltr'>τὸν</span> <span class='ocrx_word' id='word_1_39' title='bbox 1282 540 1404 585; x_wconf 75' lang='grc' dir='ltr'>11τῶν</span> <span class='ocrx_word' id='word_1_40' title='bbox 1439 534 1558 598; x_wconf 80' lang='grc' dir='ltr'>μετὰ</span> 
     </span>
     <span class='ocr_line' id='line_1_6' title="bbox 51 617 1557 688; baseline -0.003 -16"><span class='ocrx_word' id='word_1_41' title='bbox 51 628 212 684; x_wconf 83' lang='grc' dir='ltr'>ταῦτα,</span> <span class='ocrx_word' id='word_1_42' title='bbox 237 621 438 688; x_wconf 85' lang='grc' dir='ltr'>ἐχόντων</span> <span class='ocrx_word' id='word_1_43' title='bbox 463 620 547 683; x_wconf 78' lang='grc' dir='ltr'>μὲν</span> <span class='ocrx_word' id='word_1_44' title='bbox 574 623 634 673; x_wconf 86' lang='grc' dir='ltr'>ὡς</span> <span class='ocrx_word' id='word_1_45' title='bbox 661 620 820 686; x_wconf 69' lang='grc' dir='ltr'>ε”χουσι</span> <span class='ocrx_word' id='word_1_46' title='bbox 847 621 1073 683; x_wconf 80' lang='grc' dir='ltr'>Θηβαίων</span> <span class='ocrx_word' id='word_1_47' title='bbox 1090 619 1213 682; x_wconf 82' lang='grc' dir='ltr'>ἡμῖν,</span> <span class='ocrx_word' id='word_1_48' title='bbox 1241 617 1557 683; x_wconf 87' lang='grc' dir='ltr'>ἀπειρηκότων</span> 
     </span>
     <span class='ocr_line' id='line_1_7' title="bbox 53 701 1558 771; baseline -0.003 -16"><span class='ocrx_word' id='word_1_49' title='bbox 53 704 101 755; x_wconf 78' lang='grc' dir='ltr'>δὲ</span> <span class='ocrx_word' id='word_1_50' title='bbox 126 703 338 771; x_wconf 83' lang='grc' dir='ltr'>χρήμασι</span> <span class='ocrx_word' id='word_1_51' title='bbox 378 704 591 765; x_wconf 78' lang='grc' dir='ltr'>Φωκέων,</span> <span class='ocrx_word' id='word_1_52' title='bbox 617 702 812 767; x_wconf 79' lang='grc' dir='ltr'>μηδενὸς</span> <span class='ocrx_word' id='word_1_53' title='bbox 847 704 883 753; x_wconf 90' lang='grc' dir='ltr'>δ’</span> <span class='ocrx_word' id='word_1_54' title='bbox 911 701 1127 765; x_wconf 81' lang='grc' dir='ltr'>ἐμποδὼν</span> <span class='ocrx_word' id='word_1_55' title='bbox 1162 701 1296 754; x_wconf 77' lang='grc' dir='ltr'>ὄντος</span> <span class='ocrx_word' id='word_1_56' title='bbox 1331 702 1558 769; x_wconf 75' lang='grc' dir='ltr'>Φιλίππῳ</span> 
     </span>
    </p>
   </div>
   <div class='ocr_carea' id='block_1_3' title="bbox 52 782 1559 855">
    <p class='ocr_par' dir='ltr' id='par_1_3' title="bbox 52 782 1559 855">
     <span class='ocr_line' id='line_1_8' title="bbox 52 782 1559 855; baseline -0.003 -17"><span class='ocrx_word' id='word_1_57' title='bbox 52 787 111 838; x_wconf 82' lang='grc' dir='ltr'>τὰ</span> <span class='ocrx_word' id='word_1_58' title='bbox 147 787 360 853; x_wconf 90' lang='grc' dir='ltr'>παρόντα</span> <span class='ocrx_word' id='word_1_59' title='bbox 399 786 833 855; x_wconf 71' lang='grc' dir='ltr'>καταστρεψαμένῳ</span> <span class='ocrx_word' id='word_1_60' title='bbox 873 784 992 850; x_wconf 81' lang='grc' dir='ltr'>πρὸς</span> <span class='ocrx_word' id='word_1_61' title='bbox 1041 791 1189 835; x_wconf 82' lang='grc' dir='ltr'>ταῦτα</span> <span class='ocrx_word' id='word_1_62' title='bbox 1228 785 1457 835; x_wconf 85' lang='grc' dir='ltr'>ἐπικλῖναι</span> <span class='ocrx_word' id='word_1_63' title='bbox 1499 782 1559 833; x_wconf 80' lang='grc' dir='ltr'>τὰ</span> 
     </span>
    </p>
   </div>
   <div class='ocr_carea' id='block_1_4' title="bbox 0 867 1620 936">
    <p class='ocr_par' dir='ltr' id='par_1_4' title="bbox 0 867 1620 936">
     <span class='ocr_line' id='line_1_9' title="bbox 0 867 1620 936; baseline -0.001 -14"><span class='ocrx_word' id='word_1_64' title='bbox 0 870 325 936; x_wconf 74' lang='grc' dir='ltr'>ιοπράγματα.</span> <span class='ocrx_word' id='word_1_65' title='bbox 368 869 499 920; x_wconf 81' lang='grc' dir='ltr'>ἀλλὰ</span> <span class='ocrx_word' id='word_1_66' title='bbox 537 869 630 933; x_wconf 85' lang='grc' dir='ltr'>μὴν</span> <span class='ocrx_word' id='word_1_67' title='bbox 671 869 810 923; x_wconf 78' lang='grc' dir='ltr'>εἴτις</span> <span class='ocrx_word' id='word_1_68' title='bbox 853 871 1008 932; x_wconf 78' lang='grc' dir='ltr'>οὑμῶν</span> <span class='ocrx_word' id='word_1_69' title='bbox 1052 872 1113 921; x_wconf 79' lang='grc' dir='ltr'>εἷς</span> <span class='ocrx_word' id='word_1_70' title='bbox 1157 874 1293 918; x_wconf 85' lang='grc' dir='ltr'>τοῦτο</span> <span class='ocrx_word' id='word_1_71' title='bbox 1337 867 1620 927; x_wconf 76' lang='grc' dir='ltr'>ἀναβοίλ-3Ι</span> 
     </span>
    </p>
   </div>
   <div class='ocr_carea' id='block_1_5' title="bbox 52 951 1589 1269">
    <p class='ocr_par' dir='ltr' id='par_1_5' title="bbox 52 951 1589 1269">
     <span class='ocr_line' id='line_1_10' title="bbox 53 951 1560 1017; baseline -0.002 -13"><span class='ocrx_word' id='word_1_72' title='bbox 53 962 184 1004; x_wconf 84' lang='grc' dir='ltr'>λεται</span> <span class='ocrx_word' id='word_1_73' title='bbox 233 953 447 1017; x_wconf 83' lang='grc' dir='ltr'>ποιήσειν</span> <span class='ocrx_word' id='word_1_74' title='bbox 496 951 555 1003; x_wconf 80' lang='grc' dir='ltr'>τὰ</span> <span class='ocrx_word' id='word_1_75' title='bbox 598 952 773 1014; x_wconf 77' lang='grc' dir='ltr'>δέοντα,</span> <span class='ocrx_word' id='word_1_76' title='bbox 825 956 934 1003; x_wconf 79' lang='grc' dir='ltr'>ἰδεῖν</span> <span class='ocrx_word' id='word_1_77' title='bbox 984 951 1178 1017; x_wconf 82' lang='grc' dir='ltr'>ἐγγύθεν</span> <span class='ocrx_word' id='word_1_78' title='bbox 1228 951 1451 1012; x_wconf 86' lang='grc' dir='ltr'>βούλεται</span> <span class='ocrx_word' id='word_1_79' title='bbox 1499 951 1560 1001; x_wconf 81' lang='grc' dir='ltr'>τὰ</span> 
     </span>
     <span class='ocr_line' id='line_1_11' title="bbox 53 1032 1559 1105; baseline -0.003 -18"><span class='ocrx_word' id='word_1_80' title='bbox 53 1037 192 1095; x_wconf 78' lang='grc' dir='ltr'>δεινὰ,</span> <span class='ocrx_word' id='word_1_81' title='bbox 221 1037 328 1105; x_wconf 75' lang='grc' dir='ltr'>ἐξὸν</span> <span class='ocrx_word' id='word_1_82' title='bbox 354 1037 534 1087; x_wconf 84' lang='grc' dir='ltr'>ἀκούειν</span> <span class='ocrx_word' id='word_1_83' title='bbox 571 1036 744 1086; x_wconf 79' lang='grc' dir='ltr'>ἄλλοθι</span> <span class='ocrx_word' id='word_1_84' title='bbox 779 1035 1043 1101; x_wconf 85' lang='grc' dir='ltr'>γιγνόμενα,</span> <span class='ocrx_word' id='word_1_85' title='bbox 1072 1037 1147 1084; x_wconf 81' lang='grc' dir='ltr'>καὶ</span> <span class='ocrx_word' id='word_1_86' title='bbox 1171 1032 1374 1098; x_wconf 74' lang='grc' dir='ltr'>βοηθοὺς</span> <span class='ocrx_word' id='word_1_87' title='bbox 1412 1036 1559 1102; x_wconf 72' lang='grc' dir='ltr'>ἑαυτῷ</span> 
     </span>
     <span class='ocr_line' id='line_1_12' title="bbox 53 1116 1589 1188; baseline -0.003 -18"><span class='ocrx_word' id='word_1_88' title='bbox 53 1120 213 1186; x_wconf 77' lang='grc' dir='ltr'>ζητεῖν,</span> <span class='ocrx_word' id='word_1_89' title='bbox 239 1119 346 1188; x_wconf 76' lang='grc' dir='ltr'>ἐξὸν</span> <span class='ocrx_word' id='word_1_90' title='bbox 378 1126 459 1170; x_wconf 80' lang='grc' dir='ltr'>νῦν</span> <span class='ocrx_word' id='word_1_91' title='bbox 492 1120 660 1186; x_wconf 85' lang='grc' dir='ltr'>ἑτέροις</span> <span class='ocrx_word' id='word_1_92' title='bbox 686 1119 826 1169; x_wconf 80' lang='grc' dir='ltr'>αὐτὸν</span> <span class='ocrx_word' id='word_1_93' title='bbox 851 1122 1056 1181; x_wconf 80' lang='grc' dir='ltr'>βοηθεῖν·</span> <span class='ocrx_word' id='word_1_94' title='bbox 1099 1118 1168 1167; x_wconf 80' lang='grc' dir='ltr'>ὅτι</span> <span class='ocrx_word' id='word_1_95' title='bbox 1194 1116 1288 1182; x_wconf 78' lang='grc' dir='ltr'>γὰρ</span> <span class='ocrx_word' id='word_1_96' title='bbox 1321 1121 1383 1170; x_wconf 82' lang='grc' dir='ltr'>εἰς</span> <span class='ocrx_word' id='word_1_97' title='bbox 1421 1123 1589 1167; x_wconf 80' lang='grc' dir='ltr'>τοῦτο5</span> 
     </span>
     <span class='ocr_line' id='line_1_13' title="bbox 52 1198 1560 1269; baseline -0.003 -15"><span class='ocrx_word' id='word_1_98' title='bbox 52 1204 388 1269; x_wconf 88' lang='grc' dir='ltr'>περιστήσεται</span> <span class='ocrx_word' id='word_1_99' title='bbox 428 1203 487 1254; x_wconf 79' lang='grc' dir='ltr'>τὰ</span> <span class='ocrx_word' id='word_1_100' title='bbox 523 1201 793 1268; x_wconf 86' lang='grc' dir='ltr'>πράγματα,</span> <span class='ocrx_word' id='word_1_101' title='bbox 833 1201 912 1252; x_wconf 74' lang='grc' dir='ltr'>ἐὰν</span> <span class='ocrx_word' id='word_1_102' title='bbox 949 1201 1009 1251; x_wconf 80' lang='grc' dir='ltr'>τὰ</span> <span class='ocrx_word' id='word_1_103' title='bbox 1042 1198 1253 1266; x_wconf 85' lang='grc' dir='ltr'>παρόντα</span> <span class='ocrx_word' id='word_1_104' title='bbox 1292 1200 1560 1265; x_wconf 82' lang='grc' dir='ltr'>προώμεθα,</span> 
     </span>
    </p>
   </div>
   <div class='ocr_carea' id='block_1_6' title="bbox 55 1285 811 1353">
    <p class='ocr_par' dir='ltr' id='par_1_6' title="bbox 55 1285 811 1353">
     <span class='ocr_line' id='line_1_14' title="bbox 55 1285 811 1353; baseline 0.001 -17"><span class='ocrx_word' id='word_1_105' title='bbox 55 1287 228 1353; x_wconf 83' lang='grc' dir='ltr'>σχεδὸν</span> <span class='ocrx_word' id='word_1_106' title='bbox 253 1287 392 1350; x_wconf 87' lang='grc' dir='ltr'>ἰ’σμεν</span> <span class='ocrx_word' id='word_1_107' title='bbox 419 1285 621 1340; x_wconf 82' lang='grc' dir='ltr'>ἅπαντες</span> <span class='ocrx_word' id='word_1_108' title='bbox 647 1286 811 1350; x_wconf 82' lang='grc' dir='ltr'>δήπου.</span> 
     </span>
    </p>
   </div>
   <div class='ocr_carea' id='block_1_7' title="bbox 0 1365 1564 1432">
    <p class='ocr_par' dir='ltr' id='par_1_7' title="bbox 0 1365 1564 1432">
     <span class='ocr_line' id='line_1_15' title="bbox 0 1365 1564 1432; baseline 0.001 -13"><span class='ocrx_word' id='word_1_109' title='bbox 0 1387 38 1414; x_wconf 83' lang='lat'>11</span> <span class='ocrx_word' id='word_1_110' title='bbox 127 1370 266 1419; x_wconf 88' lang='grc' dir='ltr'>Ἀλλ’</span> <span class='ocrx_word' id='word_1_111' title='bbox 311 1369 382 1420; x_wconf 83' lang='grc' dir='ltr'>ὅτι</span> <span class='ocrx_word' id='word_1_112' title='bbox 421 1369 505 1432; x_wconf 80' lang='grc' dir='ltr'>μὲν</span> <span class='ocrx_word' id='word_1_113' title='bbox 546 1369 602 1432; x_wconf 82' lang='grc' dir='ltr'>δὴ</span> <span class='ocrx_word' id='word_1_114' title='bbox 647 1371 717 1419; x_wconf 88' lang='grc' dir='ltr'>δεῖ</span> <span class='ocrx_word' id='word_1_115' title='bbox 755 1372 957 1432; x_wconf 79' lang='grc' dir='ltr'>βοηθεῖν,</span> <span class='ocrx_word' id='word_1_116' title='bbox 1004 1367 1122 1418; x_wconf 83' lang='grc' dir='ltr'>ε’ίποι</span> <span class='ocrx_word' id='word_1_117' title='bbox 1164 1390 1232 1420; x_wconf 91' lang='grc' dir='ltr'>τις</span> <span class='ocrx_word' id='word_1_118' title='bbox 1277 1366 1347 1428; x_wconf 78' lang='grc' dir='ltr'>ἂν,</span> <span class='ocrx_word' id='word_1_119' title='bbox 1391 1365 1564 1420; x_wconf 85' lang='grc' dir='ltr'>πάντες</span> 
     </span>
    </p>
   </div>
   <div class='ocr_carea' id='block_1_8' title="bbox 0 3029 3 3060">
    <p class='ocr_par' dir='ltr' id='par_1_8' title="bbox 0 3029 3 3060">
     <span class='ocr_line' id='line_1_16' title="bbox 0 3029 3 3060; baseline 0 0"><span class='ocrx_word' id='word_1_120' title='bbox 0 3029 3 3060; x_wconf 72' lang='grc' dir='ltr'>Ι</span> 
     </span>
    </p>
   </div>
   <div class='ocr_carea' id='block_1_9' title="bbox 53 1449 1618 1850">
    <p class='ocr_par' dir='ltr' id='par_1_9' title="bbox 53 1449 1618 1850">
     <span class='ocr_line' id='line_1_17' title="bbox 54 1449 1562 1517; baseline -0.001 -15"><span class='ocrx_word' id='word_1_121' title='bbox 54 1451 332 1517; x_wconf 81' lang='grc' dir='ltr'>ἐγνώκαμεν,</span> <span class='ocrx_word' id='word_1_122' title='bbox 360 1455 433 1503; x_wconf 82' lang='grc' dir='ltr'>καὶ</span> <span class='ocrx_word' id='word_1_123' title='bbox 466 1451 783 1517; x_wconf 86' lang='grc' dir='ltr'>βοηθήσομεν·</span> <span class='ocrx_word' id='word_1_124' title='bbox 827 1452 881 1502; x_wconf 80' lang='grc' dir='ltr'>τὸ</span> <span class='ocrx_word' id='word_1_125' title='bbox 908 1450 956 1501; x_wconf 79' lang='grc' dir='ltr'>δὲ</span> <span class='ocrx_word' id='word_1_126' title='bbox 989 1451 1128 1513; x_wconf 76' lang='grc' dir='ltr'>ὅπως,</span> <span class='ocrx_word' id='word_1_127' title='bbox 1155 1456 1294 1501; x_wconf 83' lang='grc' dir='ltr'>τοῦτο</span> <span class='ocrx_word' id='word_1_128' title='bbox 1329 1450 1455 1515; x_wconf 82' lang='grc' dir='ltr'>λέγε.</span> <span class='ocrx_word' id='word_1_129' title='bbox 1497 1449 1562 1514; x_wconf 88' lang='grc' dir='ltr'>μὴ</span> 
     </span>
     <span class='ocr_line' id='line_1_18' title="bbox 53 1533 1563 1601; baseline -0.001 -16"><span class='ocrx_word' id='word_1_130' title='bbox 53 1537 221 1597; x_wconf 85' lang='grc' dir='ltr'>τοίνυν,</span> <span class='ocrx_word' id='word_1_131' title='bbox 248 1533 284 1585; x_wconf 71' lang='grc' dir='ltr'><em>ὦ</em></span> <span class='ocrx_word' id='word_1_132' title='bbox 310 1535 472 1600; x_wconf 75' lang='grc' dir='ltr'>ἄνδρες</span> <span class='ocrx_word' id='word_1_133' title='bbox 490 1537 744 1599; x_wconf 88' lang='grc' dir='ltr'>Ἀθηναῖοι,</span> <span class='ocrx_word' id='word_1_134' title='bbox 766 1534 1053 1599; x_wconf 80' lang='grc' dir='ltr'>θαυμάσητε,</span> <span class='ocrx_word' id='word_1_135' title='bbox 1076 1533 1132 1584; x_wconf 82' lang='grc' dir='ltr'>ἂν</span> <span class='ocrx_word' id='word_1_136' title='bbox 1157 1533 1429 1601; x_wconf 74' lang='grc' dir='ltr'>παράδοξον</span> <span class='ocrx_word' id='word_1_137' title='bbox 1448 1533 1563 1584; x_wconf 77' lang='grc' dir='ltr'>εἴπω</span> 
     </span>
     <span class='ocr_line' id='line_1_19' title="bbox 54 1616 1618 1681; baseline 0 -12"><span class='ocrx_word' id='word_1_138' title='bbox 54 1641 98 1669; x_wconf 90' lang='grc' dir='ltr'>τι</span> <span class='ocrx_word' id='word_1_139' title='bbox 122 1623 217 1671; x_wconf 91' lang='grc' dir='ltr'>τοῖς</span> <span class='ocrx_word' id='word_1_140' title='bbox 242 1624 459 1671; x_wconf 85' lang='grc' dir='ltr'>πολλοῖς.</span> <span class='ocrx_word' id='word_1_141' title='bbox 503 1619 754 1681; x_wconf 77' lang='grc' dir='ltr'>νομοθέτας</span> <span class='ocrx_word' id='word_1_142' title='bbox 788 1619 1059 1669; x_wconf 76' lang='grc' dir='ltr'>Ρκαθίσατε.</span> <span class='ocrx_word' id='word_1_143' title='bbox 1101 1619 1149 1667; x_wconf 86' lang='grc' dir='ltr'>ἐν</span> <span class='ocrx_word' id='word_1_144' title='bbox 1176 1617 1223 1667; x_wconf 84' lang='grc' dir='ltr'>δὲ</span> <span class='ocrx_word' id='word_1_145' title='bbox 1249 1616 1429 1669; x_wconf 75' lang='grc' dir='ltr'>τούτοις</span> <span class='ocrx_word' id='word_1_146' title='bbox 1467 1621 1563 1669; x_wconf 90' lang='grc' dir='ltr'>τοῖς</span> <span class='ocrx_word' id='word_1_147' title='bbox 1580 1640 1618 1661; x_wconf 90' lang='lat'>10</span> 
     </span>
     <span class='ocr_line' id='line_1_20' title="bbox 55 1700 1564 1768; baseline -0.001 -16"><span class='ocrx_word' id='word_1_148' title='bbox 55 1701 323 1764; x_wconf 78' lang='grc' dir='ltr'>νομοθέταις</span> <span class='ocrx_word' id='word_1_149' title='bbox 349 1700 412 1765; x_wconf 84' lang='grc' dir='ltr'>μὴ</span> <span class='ocrx_word' id='word_1_150' title='bbox 433 1705 581 1765; x_wconf 85' lang='grc' dir='ltr'>θῆσθε</span> <span class='ocrx_word' id='word_1_151' title='bbox 609 1700 751 1764; x_wconf 85' lang='grc' dir='ltr'>νόμον</span> <span class='ocrx_word' id='word_1_152' title='bbox 777 1701 950 1765; x_wconf 85' lang='grc' dir='ltr'>μηδένα</span> <span class='ocrx_word' id='word_1_153' title='bbox 973 1703 1083 1764; x_wconf 78' lang='grc' dir='ltr'>(εἰσὶ</span> <span class='ocrx_word' id='word_1_154' title='bbox 1108 1700 1200 1766; x_wconf 81' lang='grc' dir='ltr'>γὰρ</span> <span class='ocrx_word' id='word_1_155' title='bbox 1227 1702 1399 1750; x_wconf 50' lang='grc' dir='ltr'>(Ᾰὶκανοὶ</span> <span class='ocrx_word' id='word_1_156' title='bbox 1419 1702 1564 1768; x_wconf 82' lang='grc' dir='ltr'>ὑμῖν),</span> 
     </span>
     <span class='ocr_line' id='line_1_21' title="bbox 56 1783 1560 1850; baseline -0.001 -15"><span class='ocrx_word' id='word_1_157' title='bbox 56 1784 186 1835; x_wconf 80' lang='grc' dir='ltr'>ἀλλὰ</span> <span class='ocrx_word' id='word_1_158' title='bbox 235 1784 342 1838; x_wconf 72' lang='grc' dir='ltr'>τοὺς</span> <span class='ocrx_word' id='word_1_159' title='bbox 403 1788 466 1838; x_wconf 80' lang='grc' dir='ltr'>εἷς</span> <span class='ocrx_word' id='word_1_160' title='bbox 528 1784 582 1834; x_wconf 81' lang='grc' dir='ltr'>τὸ</span> <span class='ocrx_word' id='word_1_161' title='bbox 632 1783 784 1850; x_wconf 78' lang='grc' dir='ltr'>παρὸν</span> <span class='ocrx_word' id='word_1_162' title='bbox 839 1784 1144 1844; x_wconf 88' lang='grc' dir='ltr'>βλάπτοντας</span> <span class='ocrx_word' id='word_1_163' title='bbox 1196 1785 1313 1847; x_wconf 80' lang='grc' dir='ltr'>ὑμᾶς</span> <span class='ocrx_word' id='word_1_164' title='bbox 1364 1783 1560 1834; x_wconf 82' lang='grc' dir='ltr'>λύσατε.</span> 
     </span>
    </p>
   </div>
   <div class='ocr_carea' id='block_1_10' title="bbox 19 1867 1564 1934">
    <p class='ocr_par' dir='ltr' id='par_1_10' title="bbox 19 1867 1564 1934">
     <span class='ocr_line' id='line_1_22' title="bbox 19 1867 1564 1934; baseline -0.001 -18"><span class='ocrx_word' id='word_1_165' title='bbox 19 1868 182 1932; x_wconf 69' lang='grc' dir='ltr'>αλέγω</span> <span class='ocrx_word' id='word_1_166' title='bbox 223 1867 294 1917; x_wconf 74' lang='grc' dir='ltr'>Υδὲ</span> <span class='ocrx_word' id='word_1_167' title='bbox 332 1867 438 1920; x_wconf 78' lang='grc' dir='ltr'>τοὺς</span> <span class='ocrx_word' id='word_1_168' title='bbox 481 1869 586 1932; x_wconf 81' lang='grc' dir='ltr'>περὶ</span> <span class='ocrx_word' id='word_1_169' title='bbox 625 1871 718 1916; x_wconf 84' lang='grc' dir='ltr'>τῶν</span> <span class='ocrx_word' id='word_1_170' title='bbox 753 1871 999 1932; x_wconf 80' lang='grc' dir='ltr'>θεωρικῶν,</span> <span class='ocrx_word' id='word_1_171' title='bbox 1041 1870 1212 1934; x_wconf 78' lang='grc' dir='ltr'>σαφῶς</span> <span class='ocrx_word' id='word_1_172' title='bbox 1254 1867 1442 1928; x_wconf 83' lang='grc' dir='ltr'>οὑτωσὶ,</span> <span class='ocrx_word' id='word_1_173' title='bbox 1488 1867 1564 1915; x_wconf 82' lang='grc' dir='ltr'>καὶ</span> 
     </span>
    </p>
   </div>
   <div class='ocr_carea' id='block_1_11' title="bbox 24 1947 1622 3055">
    <p class='ocr_par' dir='ltr' id='par_1_11' title="bbox 24 1947 1622 3055">
     <span class='ocr_line' id='line_1_23' title="bbox 55 1947 1616 2016; baseline -0.001 -16"><span class='ocrx_word' id='word_1_174' title='bbox 55 1949 160 2003; x_wconf 76' lang='grc' dir='ltr'>τους</span> <span class='ocrx_word' id='word_1_175' title='bbox 185 1952 289 2016; x_wconf 80' lang='grc' dir='ltr'>περὶ</span> <span class='ocrx_word' id='word_1_176' title='bbox 315 1954 408 2000; x_wconf 84' lang='grc' dir='ltr'>τῶν</span> <span class='ocrx_word' id='word_1_177' title='bbox 433 1949 814 2015; x_wconf 79' lang='grc' dir='ltr'>στρατευομένων</span> <span class='ocrx_word' id='word_1_178' title='bbox 841 1950 998 2010; x_wconf 82' lang='grc' dir='ltr'>ἐνίους,</span> <span class='ocrx_word' id='word_1_179' title='bbox 1019 1947 1083 1998; x_wconf 75' lang='grc' dir='ltr'>ὧν</span> <span class='ocrx_word' id='word_1_180' title='bbox 1110 1952 1151 1999; x_wconf 80' lang='grc' dir='ltr'>οἱ</span> <span class='ocrx_word' id='word_1_181' title='bbox 1177 1948 1264 2015; x_wconf 78' lang='grc' dir='ltr'>μὲν</span> <span class='ocrx_word' id='word_1_182' title='bbox 1290 1947 1350 1998; x_wconf 78' lang='grc' dir='ltr'>τὰ</span> <span class='ocrx_word' id='word_1_183' title='bbox 1371 1970 1564 2013; x_wconf 81' lang='grc' dir='ltr'>στρατι-</span> <span class='ocrx_word' id='word_1_184' title='bbox 1583 1971 1616 2002; x_wconf 85' lang='lat'>¹5</span> 
     </span>
     <span class='ocr_line' id='line_1_24' title="bbox 58 2030 1566 2097; baseline 0.001 -15"><span class='ocrx_word' id='word_1_185' title='bbox 58 2033 200 2083; x_wconf 83' lang='grc' dir='ltr'>ωτικά</span> <span class='ocrx_word' id='word_1_186' title='bbox 224 2038 319 2086; x_wconf 89' lang='grc' dir='ltr'>τοῖς</span> <span class='ocrx_word' id='word_1_187' title='bbox 358 2033 471 2083; x_wconf 80' lang='grc' dir='ltr'>οἵκοι</span> <span class='ocrx_word' id='word_1_188' title='bbox 506 2033 698 2095; x_wconf 86' lang='grc' dir='ltr'>μένουσι</span> <span class='ocrx_word' id='word_1_189' title='bbox 725 2033 992 2094; x_wconf 84' lang='grc' dir='ltr'>διανέμουσι</span> <span class='ocrx_word' id='word_1_190' title='bbox 1031 2030 1268 2097; x_wconf 75' lang='grc' dir='ltr'>Ξθεωρικόι,</span> <span class='ocrx_word' id='word_1_191' title='bbox 1301 2036 1343 2082; x_wconf 81' lang='grc' dir='ltr'>οἱ</span> <span class='ocrx_word' id='word_1_192' title='bbox 1378 2031 1425 2082; x_wconf 84' lang='grc' dir='ltr'>δὲ</span> <span class='ocrx_word' id='word_1_193' title='bbox 1459 2030 1566 2084; x_wconf 77' lang='grc' dir='ltr'>τοὺς</span> 
     </span>
     <span class='ocr_line' id='line_1_25' title="bbox 58 2114 1563 2186; baseline -0.001 -20"><span class='ocrx_word' id='word_1_194' title='bbox 58 2118 368 2170; x_wconf 82' lang='grc' dir='ltr'>ἀτακτοῦντας</span> <span class='ocrx_word' id='word_1_195' title='bbox 410 2115 589 2186; x_wconf 74' lang='grc' dir='ltr'>ἀθῴους</span> <span class='ocrx_word' id='word_1_196' title='bbox 633 2119 950 2176; x_wconf 72' lang='grc' dir='ltr'>ῑκαθιστᾶσιν,</span> <span class='ocrx_word' id='word_1_197' title='bbox 990 2114 1085 2166; x_wconf 74' lang='grc' dir='ltr'>εἶτα</span> <span class='ocrx_word' id='word_1_198' title='bbox 1129 2119 1204 2165; x_wconf 77' lang='grc' dir='ltr'>καὶ</span> <span class='ocrx_word' id='word_1_199' title='bbox 1244 2114 1351 2168; x_wconf 75' lang='grc' dir='ltr'>τοὺς</span> <span class='ocrx_word' id='word_1_200' title='bbox 1391 2114 1450 2165; x_wconf 78' lang='grc' dir='ltr'>τὰ</span> <span class='ocrx_word' id='word_1_201' title='bbox 1488 2115 1563 2165; x_wconf 85' lang='grc' dir='ltr'>δέ·</span> 
     </span>
     <span class='ocr_line' id='line_1_26' title="bbox 58 2196 1568 2263; baseline -0.003 -12"><span class='ocrx_word' id='word_1_202' title='bbox 58 2223 168 2251; x_wconf 90' lang='grc' dir='ltr'>οντα</span> <span class='ocrx_word' id='word_1_203' title='bbox 203 2206 349 2251; x_wconf 90' lang='grc' dir='ltr'>ποιεῖν</span> <span class='ocrx_word' id='word_1_204' title='bbox 375 2200 689 2263; x_wconf 85' lang='grc' dir='ltr'>βουλομένους</span> <span class='ocrx_word' id='word_1_205' title='bbox 727 2200 1069 2263; x_wconf 77' lang='grc' dir='ltr'>“ἀθυμοτέρους</span> <span class='ocrx_word' id='word_1_206' title='bbox 1107 2204 1339 2249; x_wconf 87' lang='grc' dir='ltr'>ποιοῦσιν.</span> <span class='ocrx_word' id='word_1_207' title='bbox 1382 2196 1568 2248; x_wconf 79' lang='grc' dir='ltr'>ἐπειδὰν</span> 
     </span>
     <span class='ocr_line' id='line_1_27' title="bbox 58 2280 1568 2346; baseline -0.002 -12"><span class='ocrx_word' id='word_1_208' title='bbox 58 2282 106 2334; x_wconf 82' lang='grc' dir='ltr'>δὲ</span> <span class='ocrx_word' id='word_1_209' title='bbox 143 2289 290 2334; x_wconf 86' lang='grc' dir='ltr'>ταῦτα</span> <span class='ocrx_word' id='word_1_210' title='bbox 328 2283 507 2346; x_wconf 88' lang='grc' dir='ltr'>λύσητε</span> <span class='ocrx_word' id='word_1_211' title='bbox 546 2285 620 2332; x_wconf 77' lang='grc' dir='ltr'>καὶ</span> <span class='ocrx_word' id='word_1_212' title='bbox 654 2281 739 2345; x_wconf 87' lang='grc' dir='ltr'>τὴν</span> <span class='ocrx_word' id='word_1_213' title='bbox 778 2287 860 2331; x_wconf 86' lang='grc' dir='ltr'>τοῦ</span> <span class='ocrx_word' id='word_1_214' title='bbox 894 2280 953 2331; x_wconf 80' lang='grc' dir='ltr'>τὰ</span> <span class='ocrx_word' id='word_1_215' title='bbox 994 2282 1228 2342; x_wconf 88' lang='grc' dir='ltr'>βέλτιστα</span> <span class='ocrx_word' id='word_1_216' title='bbox 1266 2281 1421 2345; x_wconf 85' lang='grc' dir='ltr'>λέγειν</span> <span class='ocrx_word' id='word_1_217' title='bbox 1458 2280 1568 2331; x_wconf 79' lang='grc' dir='ltr'>ὁδὸν</span> 
     </span>
     <span class='ocr_line' id='line_1_28' title="bbox 57 2363 1622 2433; baseline -0.002 -17"><span class='ocrx_word' id='word_1_218' title='bbox 57 2366 336 2432; x_wconf 81' lang='grc' dir='ltr'>παράσχητε</span> <span class='ocrx_word' id='word_1_219' title='bbox 377 2369 593 2433; x_wconf 83' lang='grc' dir='ltr'>ἀσφαλῆ,</span> <span class='ocrx_word' id='word_1_220' title='bbox 630 2370 882 2429; x_wconf 86' lang='grc' dir='ltr'>τηνικαῦτα</span> <span class='ocrx_word' id='word_1_221' title='bbox 917 2365 1000 2415; x_wconf 81' lang='grc' dir='ltr'>τὸν</span> <span class='ocrx_word' id='word_1_222' title='bbox 1042 2365 1328 2432; x_wconf 67' lang='grc' dir='ltr'>Χγράψοντα</span> <span class='ocrx_word' id='word_1_223' title='bbox 1369 2364 1398 2413; x_wconf 82' lang='grc' dir='ltr'>ἂ</span> <span class='ocrx_word' id='word_1_224' title='bbox 1440 2363 1560 2415; x_wconf 85' lang='grc' dir='ltr'>πάν·</span> <span class='ocrx_word' id='word_1_225' title='bbox 1582 2387 1622 2408; x_wconf 85' lang='lat'>20</span> 
     </span>
     <span class='ocr_line' id='line_1_29' title="bbox 24 2446 1567 2515; baseline -0.001 -17"><span class='ocrx_word' id='word_1_226' title='bbox 24 2467 132 2509; x_wconf 79' lang='grc' dir='ltr'>3τες</span> <span class='ocrx_word' id='word_1_227' title='bbox 170 2449 270 2499; x_wconf 83' lang='grc' dir='ltr'>ἰ’στε</span> <span class='ocrx_word' id='word_1_228' title='bbox 307 2449 378 2499; x_wconf 79' lang='grc' dir='ltr'>ὅτι</span> <span class='ocrx_word' id='word_1_229' title='bbox 403 2448 635 2515; x_wconf 69' lang='grc' dir='ltr'>συμφερει</span> <span class='ocrx_word' id='word_1_230' title='bbox 668 2447 853 2512; x_wconf 76' lang='grc' dir='ltr'>ζητεῖτε.</span> <span class='ocrx_word' id='word_1_231' title='bbox 893 2450 1003 2513; x_wconf 80' lang='grc' dir='ltr'>πρὶν</span> <span class='ocrx_word' id='word_1_232' title='bbox 1030 2447 1076 2497; x_wconf 79' lang='grc' dir='ltr'>δὲ</span> <span class='ocrx_word' id='word_1_233' title='bbox 1103 2453 1248 2497; x_wconf 84' lang='grc' dir='ltr'>ταῦτα</span> <span class='ocrx_word' id='word_1_234' title='bbox 1285 2447 1477 2515; x_wconf 75' lang='grc' dir='ltr'>πρᾶξαι,</span> <span class='ocrx_word' id='word_1_235' title='bbox 1502 2446 1567 2510; x_wconf 89' lang='grc' dir='ltr'>μὴ</span> 
     </span>
     <span class='ocr_line' id='line_1_30' title="bbox 59 2528 1570 2597; baseline -0.001 -17"><span class='ocrx_word' id='word_1_236' title='bbox 59 2536 273 2581; x_wconf 87' lang='grc' dir='ltr'>σκοπεῖτε</span> <span class='ocrx_word' id='word_1_237' title='bbox 311 2532 380 2584; x_wconf 82' lang='grc' dir='ltr'>τίς</span> <span class='ocrx_word' id='word_1_238' title='bbox 424 2530 564 2581; x_wconf 79' lang='grc' dir='ltr'>εἰπὼν</span> <span class='ocrx_word' id='word_1_239' title='bbox 604 2531 662 2580; x_wconf 81' lang='grc' dir='ltr'>τὰ</span> <span class='ocrx_word' id='word_1_240' title='bbox 697 2529 930 2590; x_wconf 82' lang='grc' dir='ltr'>βέλτιστα</span> <span class='ocrx_word' id='word_1_241' title='bbox 969 2528 1082 2594; x_wconf 74' lang='grc' dir='ltr'>ὑπὲρ</span> <span class='ocrx_word' id='word_1_242' title='bbox 1123 2531 1251 2592; x_wconf 79' lang='grc' dir='ltr'>ὑμῶν</span> <span class='ocrx_word' id='word_1_243' title='bbox 1293 2531 1398 2597; x_wconf 61' lang='grc' dir='ltr'>Υὺφ’</span> <span class='ocrx_word' id='word_1_244' title='bbox 1440 2530 1570 2592; x_wconf 82' lang='grc' dir='ltr'>ὑμῶν</span> 
     </span>
     <span class='ocr_line' id='line_1_31' title="bbox 60 2611 1568 2678; baseline -0.002 -15"><span class='ocrx_word' id='word_1_245' title='bbox 60 2613 323 2664; x_wconf 81' lang='grc' dir='ltr'>ἀπολέσθαι</span> <span class='ocrx_word' id='word_1_246' title='bbox 358 2613 661 2677; x_wconf 87' lang='grc' dir='ltr'>βουλήσεται·</span> <span class='ocrx_word' id='word_1_247' title='bbox 703 2614 756 2663; x_wconf 86' lang='grc' dir='ltr'>οὐ</span> <span class='ocrx_word' id='word_1_248' title='bbox 795 2612 888 2678; x_wconf 82' lang='grc' dir='ltr'>γὰρ</span> <span class='ocrx_word' id='word_1_249' title='bbox 929 2611 1162 2677; x_wconf 82' lang='grc' dir='ltr'>εὑρήσετε,</span> <span class='ocrx_word' id='word_1_250' title='bbox 1203 2612 1366 2664; x_wconf 79' lang='grc' dir='ltr'>ἄλλως</span> <span class='ocrx_word' id='word_1_251' title='bbox 1405 2634 1454 2661; x_wconf 90' lang='grc' dir='ltr'>τε</span> <span class='ocrx_word' id='word_1_252' title='bbox 1493 2613 1568 2661; x_wconf 87' lang='grc' dir='ltr'>καὶ</span> 
     </span>
     <span class='ocr_line' id='line_1_32' title="bbox 113 2739 1567 2787; baseline 0 -11"><span class='ocrx_word' id='word_1_253' title='bbox 113 2749 132 2767; x_wconf 80' lang='lat'>¹1</span> <span class='ocrx_word' id='word_1_254' title='bbox 160 2746 227 2776; x_wconf 85' lang='grc' dir='ltr'>τῶν</span> <span class='ocrx_word' id='word_1_255' title='bbox 246 2756 315 2777; x_wconf 88' lang='lat' dir='ltr'>om.</span> <span class='ocrx_word' id='word_1_256' title='bbox 337 2744 514 2779; x_wconf 82' lang='lat' dir='ltr'>A.B.F.Y.</span> <span class='ocrx_word' id='word_1_257' title='bbox 665 2749 683 2767; x_wconf 90' lang='lat'>0</span> <span class='ocrx_word' id='word_1_258' title='bbox 701 2742 807 2787; x_wconf 80' lang='grc' dir='ltr'>ὑμῶν]</span> <span class='ocrx_word' id='word_1_259' title='bbox 831 2743 922 2786; x_wconf 84' lang='grc' dir='ltr'>ἡμῶν</span> <span class='ocrx_word' id='word_1_260' title='bbox 943 2743 985 2776; x_wconf 81' lang='lat' dir='ltr'>Y.</span> <span class='ocrx_word' id='word_1_261' title='bbox 1143 2747 1161 2774; x_wconf 83' lang='lat' dir='ltr'>P</span> <span class='ocrx_word' id='word_1_262' title='bbox 1181 2739 1341 2775; x_wconf 83' lang='grc' dir='ltr'>καθίσατε</span> <span class='ocrx_word' id='word_1_263' title='bbox 1363 2741 1567 2776; x_wconf 81' lang='lat' dir='ltr'>Bekkerus:</span> 
     </span>
     <span class='ocr_line' id='line_1_33' title="bbox 61 2794 1568 2841; baseline 0.001 -13"><span class='ocrx_word' id='word_1_264' title='bbox 61 2796 239 2829; x_wconf 84' lang='grc' dir='ltr'>καθίστατε</span> <span class='ocrx_word' id='word_1_265' title='bbox 259 2797 348 2837; x_wconf 83' lang='lat' dir='ltr'>libri,</span> <span class='ocrx_word' id='word_1_266' title='bbox 368 2797 435 2829; x_wconf 73' lang='lat' dir='ltr'><strong>nisi</strong></span> <span class='ocrx_word' id='word_1_267' title='bbox 455 2797 549 2841; x_wconf 88' lang='lat' dir='ltr'>quod</span> <span class='ocrx_word' id='word_1_268' title='bbox 569 2796 750 2829; x_wconf 83' lang='grc' dir='ltr'>καθιστᾶτε</span> <span class='ocrx_word' id='word_1_269' title='bbox 772 2796 807 2828; x_wconf 86' lang='lat' dir='ltr'>S.</span> <span class='ocrx_word' id='word_1_270' title='bbox 913 2801 933 2827; x_wconf 78' lang='lat' dir='ltr'>q</span> <span class='ocrx_word' id='word_1_271' title='bbox 954 2796 1058 2828; x_wconf 84' lang='grc' dir='ltr'>ἱκανοὶ</span> <span class='ocrx_word' id='word_1_272' title='bbox 1079 2795 1154 2838; x_wconf 84' lang='grc' dir='ltr'>ὑμῖν</span> <span class='ocrx_word' id='word_1_273' title='bbox 1176 2795 1211 2828; x_wconf 89' lang='lat' dir='ltr'>S.</span> <span class='ocrx_word' id='word_1_274' title='bbox 1232 2794 1309 2838; x_wconf 79' lang='grc' dir='ltr'>ὑμῖν</span> <span class='ocrx_word' id='word_1_275' title='bbox 1329 2795 1432 2827; x_wconf 80' lang='grc' dir='ltr'>ἱκανοὶ</span> <span class='ocrx_word' id='word_1_276' title='bbox 1451 2795 1568 2840; x_wconf 85' lang='lat' dir='ltr'><strong>vulgo.</strong></span> 
     </span>
     <span class='ocr_line' id='line_1_34' title="bbox 61 2847 1569 2894; baseline -0.001 -13"><span class='ocrx_word' id='word_1_277' title='bbox 61 2852 77 2871; x_wconf 65' lang='grc' dir='ltr'>Γ</span> <span class='ocrx_word' id='word_1_278' title='bbox 94 2848 147 2894; x_wconf 79' lang='grc' dir='ltr'>δὲ]</span> <span class='ocrx_word' id='word_1_279' title='bbox 171 2849 210 2891; x_wconf 88' lang='grc' dir='ltr'>δὴ</span> <span class='ocrx_word' id='word_1_280' title='bbox 231 2850 318 2883; x_wconf 80' lang='grc' dir='ltr'>Α.Υ.</span> <span class='ocrx_word' id='word_1_281' title='bbox 349 2862 418 2883; x_wconf 91' lang='lat' dir='ltr'>om.</span> <span class='ocrx_word' id='word_1_282' title='bbox 441 2850 475 2882; x_wconf 86' lang='lat' dir='ltr'>S.</span> <span class='ocrx_word' id='word_1_283' title='bbox 579 2856 591 2874; x_wconf 77' lang='lat' dir='ltr'>S</span> <span class='ocrx_word' id='word_1_284' title='bbox 613 2848 770 2893; x_wconf 83' lang='grc' dir='ltr'>θεωρικὰ]</span> <span class='ocrx_word' id='word_1_285' title='bbox 796 2848 839 2882; x_wconf 86' lang='grc' dir='ltr'>ὡς</span> <span class='ocrx_word' id='word_1_286' title='bbox 859 2849 1001 2893; x_wconf 85' lang='grc' dir='ltr'>θεωρικὰ</span> <span class='ocrx_word' id='word_1_287' title='bbox 1017 2848 1103 2881; x_wconf 81' lang='lat' dir='ltr'>A.Y.</span> <span class='ocrx_word' id='word_1_288' title='bbox 1205 2849 1218 2873; x_wconf 73' lang='lat' dir='ltr'>t</span> <span class='ocrx_word' id='word_1_289' title='bbox 1237 2847 1455 2893; x_wconf 79' lang='grc' dir='ltr'>καθιστᾶσιν]</span> <span class='ocrx_word' id='word_1_290' title='bbox 1478 2848 1569 2881; x_wconf 83' lang='grc' dir='ltr'>καθι-</span> 
     </span>
     <span class='ocr_line' id='line_1_35' title="bbox 61 2899 1570 2947; baseline 0 -13"><span class='ocrx_word' id='word_1_291' title='bbox 61 2904 191 2935; x_wconf 82' lang='grc' dir='ltr'>στῶσιν</span> <span class='ocrx_word' id='word_1_292' title='bbox 209 2902 252 2936; x_wconf 84' lang='lat' dir='ltr'>Y.</span> <span class='ocrx_word' id='word_1_293' title='bbox 361 2907 378 2922; x_wconf 78' lang='lat'>¹¹</span> <span class='ocrx_word' id='word_1_294' title='bbox 399 2902 643 2947; x_wconf 81' lang='grc' dir='ltr'>ἀθυμοτέρους]</span> <span class='ocrx_word' id='word_1_295' title='bbox 666 2901 914 2946; x_wconf 86' lang='grc' dir='ltr'>ῥαθυμοτέρους</span> <span class='ocrx_word' id='word_1_296' title='bbox 936 2901 1022 2937; x_wconf 74' lang='lat' dir='ltr'>A.Y.</span> <span class='ocrx_word' id='word_1_297' title='bbox 1124 2906 1143 2925; x_wconf 73' lang='grc' dir='ltr'><strong>Χ</strong></span> <span class='ocrx_word' id='word_1_298' title='bbox 1163 2899 1362 2946; x_wconf 78' lang='grc' dir='ltr'>γράψοντα]</span> <span class='ocrx_word' id='word_1_299' title='bbox 1384 2901 1570 2946; x_wconf 78' lang='grc' dir='ltr'>γράψαντα</span> 
     </span>
     <span class='ocr_line' id='line_1_36' title="bbox 64 2952 665 3000; baseline 0.002 -13"><span class='ocrx_word' id='word_1_300' title='bbox 64 2952 107 2987; x_wconf 89' lang='grc' dir='ltr'>Ο.</span> <span class='ocrx_word' id='word_1_301' title='bbox 127 2959 163 2988; x_wconf 85' lang='lat' dir='ltr'>et</span> <span class='ocrx_word' id='word_1_302' title='bbox 181 2966 232 3000; x_wconf 86' lang='lat' dir='ltr'>pr.</span> <span class='ocrx_word' id='word_1_303' title='bbox 255 2956 290 2989; x_wconf 85' lang='lat' dir='ltr'>S.</span> <span class='ocrx_word' id='word_1_304' title='bbox 401 2961 419 2988; x_wconf 84' lang='lat' dir='ltr'>y</span> <span class='ocrx_word' id='word_1_305' title='bbox 441 2954 516 3000; x_wconf 76' lang='grc' dir='ltr'>ὑφ’]</span> <span class='ocrx_word' id='word_1_306' title='bbox 539 2954 599 3000; x_wconf 85' lang='grc' dir='ltr'>ἀφ’</span> <span class='ocrx_word' id='word_1_307' title='bbox 620 2954 665 2989; x_wconf 89' lang='grc' dir='ltr'>Ο.</span> 
     </span>
     <span class='ocr_line' id='line_1_37' title="bbox 781 3027 851 3055; baseline 0 0"><span class='ocrx_word' id='word_1_308' title='bbox 781 3029 804 3050; x_wconf 72' lang='lat'>1⁷</span> <span class='ocrx_word' id='word_1_309' title='bbox 830 3027 851 3055; x_wconf 88' lang='lat'><strong>2</strong></span> 
     </span>
    </p>
   </div>
  </div>
 </body>
</html>
