1903 3271
71 192 168 234 393,
188 196 239 219 11.
504 183 630 220 ΠΕΡΙ
661 183 772 220 ΤΗΣ
804 183 1265 221 ΠΑΡΑΠΡΕΣΒΕΙΑΣ.
1561 182 1644 220 413

742 309 1045 348 MAPTTPIA.

48 384 126 424 180
202 378 318 429 ’Ότι
343 381 497 429 τοίνυν
523 380 617 429 οὐδ’
645 380 840 444 ἄρνησίς
866 382 995 429 ἐστιν
1022 380 1174 432 αὐτοῖς
1200 378 1253 429 τὸ
1282 377 1346 442 μὴ
1374 380 1500 428 ταῦθ’
1531 377 1645 444 ὑπὲρ

138 466 380 513 Φιλίππου
405 460 638 528 πράττειν,
665 461 934 512 “οἰκούσατε’
961 485 1063 525 μου.
1115 461 1190 512 ὅτε
1225 460 1318 527 γὰρ
1354 460 1439 524 τὴν
1472 462 1638 526 προτέ-

136 568 225 611 ραν
259 544 530 610 Χάπήραμεν
563 546 822 611 πρεσβείαν
856 545 942 607 τὴν
975 547 1079 610 περὶ
1120 547 1201 608 τῆς
1239 542 1432 610 εἰρήνης,
1467 542 1644 608 κήρυκα
1660 570 1694 600 15

137 630 262 691 ὑμεῖς
295 629 700 694 προαπεστείλατε
733 628 865 681 ὅστις
898 628 1033 691 )’ἡμΐν
1067 628 1357 678 Ζσπείσεται.
1419 625 1520 676 τότε
1560 624 1645 689 μὲν

137 712 304 772 τοίνυν,
337 714 398 764 ὡς
435 710 640 778 τάχιστα
678 716 739 765 εἷς
773 710 939 776 Ὠρεὸν
974 710 1136 774 ἦλθον,
1173 713 1255 761 οὐκ
1291 711 1530 773 ἀνέμειναν
1564 709 1646 760 τὸν

138 793 313 860 κήρυκα
347 795 438 844 οὐδ’
468 795 695 858 ἐποίησαν
729 793 898 860 χρόνον
925 794 1127 856 ἔίοὐδένα,
1153 793 1344 844 ἱ)”Αλου
1371 793 1419 844 δὲ
1445 801 1641 859 πολιορ-

136 877 360 941 κουμένου
396 878 680 928 διέπλευσαν
714 882 775 930 εἷς
809 883 987 940 τοῦτον,
1015 881 1089 928 καὶ
1120 877 1267 929 πάλιν
1292 880 1499 929 ἐντεῦθεν
1529 876 1647 943 πρὸς
1662 903 1702 924 20

139 962 449 1026 Παρμενίωνα
483 960 564 1011 τὸν
589 968 934 1028 πολιορκοῦντα
959 961 1228 1030 ἐξελθόντες
1255 964 1438 1026 ἀπῆραν
1465 961 1541 1011 διὰ
1566 967 1648 1012 τοῦ

137 1046 363 1107 πολεμίου
425 1045 776 1109 στρατεύματος·
840 1049 901 1098 εἷς·
963 1044 1214 1109 Παγασὰς,
1274 1047 1347 1094 καὶ
1409 1045 1649 1110 προϊόντες

138 1126 358 1192 ἀπήντων
402 1129 449 1177 ἐν
487 1129 709 1194 οΛαρίσῃ
754 1132 819 1195 τῷ
864 1127 1036 1193 κήρυκι’
1089 1127 1299 1194 τοσαύτῃ
1343 1132 1529 1194 σπουδῇ
1574 1129 1649 1178 καὶ

47 1222 120 1262 181
137 1211 374 1278 προθυμίᾳ
399 1210 492 1260 τότ’
521 1211 738 1277 ἐχώρουν.
791 1209 944 1273 ἐπειδὴ
976 1209 1023 1260 δὲ
1059 1209 1212 1275 εἰρήνη
1247 1209 1330 1272 μὲν
1360 1208 1431 1273 ἦν,
1457 1207 1651 1259 ᾱᾶπασα

137 1293 186 1344 δὲ
225 1292 501 1361 θάσφάλεια
540 1292 678 1343 ῑὶέναι
722 1295 797 1342 καὶ
841 1292 1133 1358 πρόσταγμα
1176 1293 1284 1357 παρ’
1327 1293 1455 1354 ὑμῶν
1495 1292 1646 1342 σπεύ-
1665 1318 1702 1349 ²5

138 1379 244 1438 δειν,
270 1383 520 1440 τηνικαῦτα
551 1378 643 1426 οὔτ’
673 1377 940 1441 ἐπείγεσθαι
966 1376 1239 1441 βαδίζουσιν
1271 1378 1374 1426 οὔτε
1408 1381 1545 1426 πλεῖν
1572 1378 1652 1426 αὐ-

137 1465 232 1513 τοῖς
258 1459 427 1527 ἕέπῄει.
482 1461 529 1510 τί
559 1458 764 1523 δήποτε·
753 1500 765 1521 ,
811 1459 880 1509 ὅτι
916 1458 1021 1509 τότε
1057 1458 1140 1519 μὲν
1176 1457 1229 1508 τὸ
1264 1457 1349 1521 τὴν
1381 1458 1564 1523 εἰρήνην
1591 1461 1652 1512 ὡς

137 1543 342 1609 τάχιστα
373 1543 606 1607 γενεσθαι,
634 1548 753 1593 τοῦτ’
783 1542 839 1606 ἧν
875 1541 987 1608 ὑπερ
1015 1543 1271 1603 Φιλιππου,
1298 1547 1378 1592 νῦν
1406 1541 1501 1591 δεῇ
1509 1540 1562 1592 τὸ
1590 1544 1652 1594 ὡς

136 1631 416 1678 πλεῖστον1
432 1649 514 1677 τον
564 1626 741 1694 μεταξυ
792 1626 962 1693 χρόνον
1008 1629 1335 1693 διατριφθηναι
1380 1624 1499 1675 1(του
1543 1648 1650 1680 τους
1662 1652 1744 1692 393

47 1717 125 1759 182
140 1710 304 1776 ὅρκους
329 1711 605 1770 ἀπολαβεῖν.
661 1709 791 1760 ἀλλὰ
824 1709 917 1773 μὴν
953 1709 1023 1760 ὅτι
1057 1711 1131 1759 καὶ
1166 1711 1293 1759 ταῦτ’
1321 1710 1476 1772 ἀληθῆ
1512 1709 1651 1773 λέγω,

138 1792 284 1853 Ῑλαβέ
303 1815 381 1856 μοι
408 1795 482 1842 καὶ
508 1793 681 1857 ταύτην
706 1793 790 1857 τὴν
816 1794 1089 1859 μαρτυρίαν.

739 1893 785 1932 M
794 1894 824 1932 Α
830 1893 969 1932 ΡΤΥΡ
976 1894 988 1931 Ι
996 1895 1042 1932 A.

202 1962 379 2013 ’Έστιν
405 1964 486 2013 οὖν
513 1963 637 2016 ὅπως
669 1963 727 2014 ἂν
760 1969 949 2026 μᾶλλον
985 1964 1222 2028 ἄνθρωποι
1254 1962 1394 2014 πάνθ’
1424 1962 1538 2028 ὑπὲρ
1565 1967 1679 2016 Φι-5

138 2047 317 2096 λίππου
366 2045 651 2111 πράττοντες
694 2047 1070 2114 Πἐ’ξελεγχθεΐεν,
1116 2046 1179 2111 “ἢ
1224 2046 1309 2109 τὴν
1354 2046 1497 2109 αὐτὴν
1543 2046 1652 2096 ὁδὸν

139 2129 272 2192 ἡνίκα
300 2128 383 2191 μὲν
408 2127 626 2179 σπεύδειν
654 2128 767 2193 ὑπὲρ
796 2130 922 2191 ὑμῶν
948 2129 1033 2179 ἔδει
1065 2128 1326 2192 καθήμενοι,
1353 2128 1453 2179 0ὅτε
1481 2129 1519 2177 δ’
1549 2127 1651 2178 οὐδὲ

137 2212 339 2278 βαδίζειν
363 2215 575 2277 προσῆκε
601 2215 711 2277 πρὶν
737 2214 891 2262 ἐλθεῖν
917 2211 999 2262 τὸν
1025 2212 1199 2278 κήρυκα
1226 2210 1540 2276 ε’πειγόμενοις

49 2302 125 2356 183
203 2293 303 2346 ΔΟν
336 2297 490 2346 τοίνυν
527 2295 696 2362 χρόνον
734 2294 849 2359 ἦμεν
889 2297 981 2346 ἐκεῖ
1014 2297 1088 2345 καὶ
1128 2294 1346 2358 καθήμεθ’
1381 2296 1428 2344 ἐν
1466 2293 1651 2362 Πέλλῃ,
1668 2318 1705 2338 10

137 2379 391 2447 σκέψασθε
441 2380 489 2428 τί
533 2379 754 2444 πράττειν
805 2379 1002 2430 ἕκαστος
1053 2378 1184 2440 ἡμῶν
1233 2378 1492 2442 προείλετο.
1560 2376 1651 2442 ἐγὼ

191 2521 212 2539 ¹1
231 2513 421 2560 ἀκούσατέ]
445 2517 545 2548 τοῦτο
564 2513 730 2548 ἀκούσατε
749 2515 890 2548 A.k.r.S.
1048 2518 1064 2536 Χ
1086 2511 1275 2556 ἀπήραμεν]
1300 2511 1474 2556 ἀπηρόμην
1495 2523 1548 2596 1)ιὴ
1569 2512 1602 2544 S
1607 2511 1650 2544 Y.

138 2593 311 2638 ἀπῄρομεν
331 2594 444 2628 O.t.u.
474 2578 658 2638 drrr'yngpev
679 2595 718 2628 F.
832 2591 960 2637 ἡμῖν]
986 2592 1062 2635 ὑμῖν
1082 2593 1121 2624 Α.
1128 2592 1165 2624 F.
1173 2591 1195 2624 S
1203 2591 1243 2624 ,Y
1250 2590 1307 2628 ..Q
1314 2592 1355 2625 O.
1362 2591 1397 2624 k.
1402 2602 1428 2623 r.
1433 2603 1458 2623 S.
1464 2602 1498 2623 u.
1529 2574 1606 2632 υμῖν
1625 2596 1651 2623 t.

138 2653 158 2672 Ζ
179 2646 377 2693 σπείσεται]
403 2647 583 2690 σπείσηται
607 2646 652 2681 Ο.
752 2652 770 2671 a
791 2645 909 2679 ουδενα
929 2657 997 2678 om.
1019 2657 1070 2689 pr.
1094 2645 1128 2677 S.
1232 2643 1246 2663 ¹³
1269 2642 1284 2655 ’¹
1286 2645 1378 2676 Αλου
1398 2642 1450 2687 δὲ]
1475 2642 1553 2676 ἀλλ
1574 2642 1652 2676 οὐδὲ

139 2700 492 2734 A.F.Y.O.k.r.t.u.v.
515 2706 549 2733 et
568 2712 636 2734 ree.
659 2700 694 2733 S.
727 2700 803 2733 οὐδὲ
825 2699 868 2737 Q.
981 2704 996 2722 C
1015 2697 1141 2743 λαρίσῃ
1162 2696 1291 2730 A.B.S.
1313 2703 1347 2730 et
1367 2696 1435 2735 alii,
1456 2702 1494 2729 ut
1515 2695 1651 2740 opinor,

140 2753 290 2787 eodjceS.
332 2753 554 2787 Scribebatur
573 2753 744 2797 Λαρίσσῃ.
853 2750 867 2772 ‘¹
887 2750 1021 2795 ἅπασα]
1046 2752 1140 2783 πᾶσα
1160 2751 1306 2783 A.k.1·.s.
1419 2754 1434 2772 e
1454 2748 1647 2794 ἀσφάλεια]

141 2805 335 2851 ἀσφάλειαν
355 2818 391 2840 u.
495 2803 510 2830 f
526 2806 625 2850 ἴέναι]
649 2806 768 2839 εἰδέναι
789 2804 897 2838 O.t.u.
1000 2809 1020 2835 ἓ·
1039 2802 1149 2848 ἐπῄει]
1174 2803 1279 2836 ἐποίει
1301 2802 1370 2835 F.t.
1477 2802 1490 2820 ¹·
1511 2801 1550 2834 τὸ
1571 2806 1652 2835 ante

143 2858 186 2894 ὣς
205 2871 274 2892 om.
296 2859 340 2898 Q.
460 2855 470 2882 ἱ
492 2858 566 2903 τὸν]
590 2859 629 2891 τὸ
649 2859 692 2892 Y.
814 2854 834 2881 k
854 2859 914 2891 τοῦ
934 2856 1046 2890 A.S.k
1060 2868 1117 2889 r.s.
1151 2856 1351 2901 Legebatur
1369 2855 1435 2899 πρὸ
1455 2857 1526 2887 τοῦ.
1555 2854 1652 2898 πρὸς,

143 2912 271 2946 omisso
290 2914 363 2950 τοῦ,
385 2911 429 2946 Ο.
523 2909 533 2936 l
553 2911 642 2951 λαβέ
658 2911 731 2956 μοι]
755 2910 834 2955 λέγε
854 2910 997 2943 A.k.r.S.
1083 2915 1112 2933 m
1133 2906 1381 2953 ἐξελεγχθεῖεν]
1405 2907 1600 2952 ἐλεγχθεῖεν
1619 2919 1650 2941 V.

143 2969 164 2988 Π
183 2963 219 3010 ἢ]
243 2964 262 3008 ἦ
281 2966 313 2998 οἱ
331 2964 373 2998 Y.
396 2971 430 2998 et
449 2976 516 2998 ree.
538 2965 572 2997 k.
684 2969 702 2988 0
723 2963 795 3009 ὅτε]
817 2964 896 2996 ὁτου
917 2974 968 3007 pr.
991 2962 1025 2996 S.
