1882 3250
2 1716 7 1848 ἱ

82 181 245 231 184,16.
572 182 698 218 ΠΕΡΙ
728 181 843 217 ΤΩΝ
875 180 1220 217 ΣΎΜΜΟΡΙΩΝ.
1573 180 1652 221 195

139 315 234 353 σιν,
261 292 416 342 ἔπειτα
448 296 547 344 ταῖς
580 289 808 355 μεγάλαις
839 293 1161 356 ἐπικληρῶσαι
1194 291 1476 354 συμμορίαις
1510 290 1646 355 μέρος

137 374 185 426 ἓν
218 374 469 441 Ρχρήστων
503 373 694 440 ἑκάστῃ,
729 373 813 436 τὴν
848 373 896 423 δὲ
932 373 1199 438 συμμορίαν
1234 373 1438 436 ἑκάστην
1473 375 1641 422 διανεῖ-

294 461 314 470 Α

134 479 217 521 μαι
252 480 345 507 των
381 458 554 519 ιῙαὺτῆς
592 461 745 521 μερῶν
780 457 964 524 ἑκάστῳ
990 454 1074 504 Γτὸ
1108 455 1228 516 ἰ’σον,
1254 453 1360 507 τοὺς
1392 454 1439 504 δὲ
1471 455 1646 505 δώδεκα

133 539 239 593 τοὺς
270 542 318 590 ἐν
344 539 530 608 ἑκάστῳ
557 543 646 608 8τῷ
684 539 808 605 μέρει
846 541 970 589 ταῦτ’
1000 538 1348 607 εἰσπράξαντας
1378 538 1483 592 ττοὶς
1517 539 1644 605 τριή-

131 645 237 688 ρεις,
272 621 327 676 ἃς
363 622 420 673 ἂν
456 623 645 673 ἕκαστοι
685 622 889 689 λάχωσι,
922 621 1368 688 παρεσκευασμένας
1403 622 1638 689 παρέχειν.
1656 644 1693 675 25

68 727 118 770 25
131 705 216 770 τὴν
256 705 341 770 μὲν
379 706 592 770 δαπάνην
634 709 708 756 καὶ
752 705 812 756 τὰ
854 704 1020 773 σκάφη
1065 707 1139 756 καὶ
1187 704 1294 759 τοὺς
1336 705 1642 773 τριηράρχους

130 791 206 840 καὶ
239 789 325 854 τὴν
358 795 452 840 τῶν
488 794 670 840 σκευῶν
706 790 955 858 εἴσπραξιν
990 791 1135 843 οὕτως
1169 788 1225 840 ἂν
1256 789 1411 855 ἄρισθ’
1440 790 1642 855 ἡγοῦμαι

128 877 203 924 καὶ
241 876 525 939 πορισθῆναι
564 876 638 924 καὶ
676 876 1143 940 παρασκευασθῆναι·
1186 872 1465 938 11πλήρωσιν
1496 873 1557 936 δὲ,
1583 881 1640 938 Χη

62 974 116 1015 26
127 961 201 1009 καὶ
238 957 400 1026 σαφὴς
440 959 573 1009 ἔσται
619 963 692 1009 καὶ
737 959 887 1027 ῥᾳδία,
931 957 1049 1022 μετὰ
1093 963 1240 1008 ταῦτα
1283 957 1457 1022 Ῡλέγω.
1518 961 1736 1027 φημὶ184

125 1040 232 1095 τοὺς
258 1041 553 1108 στρατηγοὺς
580 1045 672 1093 δεῖν
699 1045 922 1104 διανεῖμαι
955 1041 1126 1096 τόπους
1153 1041 1261 1092 δέκα
1295 1046 1389 1092 τῶν
1424 1042 1636 1107 νεωρίων,

124 1125 453 1193 σκεψαμένους
488 1125 614 1178 ὅπως
650 1128 710 1178 ὡς
745 1125 956 1190 ἐγγύτατ’
987 1124 1218 1188 ἀλλήλων
1253 1124 1372 1175 κατὰ
1406 1124 1634 1191 τριάκοντ’

122 1206 212 1259 ὦσι
253 1208 541 1270 Ζνεώσοικοι,
580 1208 764 1260 ἐπειδὰν
810 1208 857 1259 δὲ
902 1215 1038 1259 τοῦτο
1083 1209 1338 1272 ποιήσωσι,
1378 1211 1459 1259 δύο
1504 1232 1632 1272 συμ-

121 1293 285 1358 μορίας
316 1294 391 1342 καὶ
427 1291 674 1358 τριάκοντα
712 1291 910 1358 τριήρεις
941 1291 1119 1342 τούτων
1144 1291 1328 1360 ἑκάστῳ
1353 1298 1662 1359 προσνεῖμαι5

121 1381 214 1427 τῶν
238 1374 409 1438 τόπων,
430 1374 505 1427 εἶτ’
528 1378 850 1442 ἐπικληρῶσαι
876 1374 958 1428 τὰς
985 1375 1156 1443 φυλὰς,
1176 1375 1258 1426 τὸν
1279 1375 1326 1426 δὲ
1353 1376 1635 1444 ἶῖιταξίαρχον

56 1458 390 1517 27bgt<a070v
372 1483 425 1510 ov
451 1459 508 1510 ἂν
534 1460 561 1524 ἡ
590 1459 758 1528 φυλὴς
756 1458 910 1509 τόπον
936 1458 1077 1526 λάχῃ,
1098 1461 1264 1509 διελεῖν
1283 1460 1421 1526 τρίχα
1447 1462 1521 1510 καὶ
1549 1484 1633 1514 τας

119 1550 229 1598 ναῦς
255 1543 495 1607 ὡσαυΤως,
521 1541 598 1594 627·
620 1545 942 1609 ἐπικληρῶσαι
969 1565 1052 1595 Τας
1078 1565 1273 1608 TpLTTUS',
1302 1565 1428 1597 Οπως
1454 1541 1512 1593 ἂν
1537 1549 1631 1595 Τῶν
1647 1565 1684 1586 ¹0

679 1625 725 1652 d

115 1649 201 1689 μεν
226 1626 352 1677 ολων
378 1650 578 1693 νεωριων
604 1626 652 1677 ἓν
705 1626 882 1693 εκάστῃ
913 1626 1051 1692 μέρος
1085 1623 1114 1693 ᾐ
1145 1630 1240 1676 τῶν
1266 1629 1447 1694 φυλῶν,
1474 1632 1556 1677 τοῦ
1582 1627 1632 1678 δὲ

114 1710 282 1776 μερους
315 1709 516 1761 ἑκάστου
550 1711 603 1761 τὸ
639 1733 794 1777 τριτον
832 1733 969 1776 μερος
1000 1711 1027 1774 ἡ
1059 1733 1243 1776 τριττυς
1276 1734 1372 1778 εχῃ,
1400 1715 1547 1775 εἰδῆτε
1575 1714 1630 1775 δ’,

114 1795 172 1843 ἄν
207 1817 252 1844 τι
288 1794 379 1862 δέῃ,
414 1799 603 1861 πρῶτον
640 1793 726 1857 μὲν
761 1793 846 1858 τὴν
882 1793 1054 1863 φυλὴν,
1091 1794 1207 1845 ὅπου
1247 1794 1472 1856 τέτακται,
1510 1796 1629 1858 μετὰ

114 1883 261 1928 ταῦτα
292 1877 342 1928 δὲ
376 1877 462 1942 τὴν
493 1877 693 1944 τριττὺν,
720 1876 817 1928 εἶτα
854 1877 1124 1945 τριήραρχοι
1162 1878 1280 1931 τίνες
1316 1879 1390 1928 καὶ
1430 1878 1628 1944 τριήρεις

113 1967 286 2023 εποῖαι,
321 1960 423 2012 sxa}
461 1961 709 2028 τριάκοντα
750 1961 832 2025 μὲν
872 1962 898 2025 ἡ
939 1961 1083 2028 φυλὴ,
1124 1961 1232 2011 δέκα
1270 1963 1342 2012 ἕδ’
1377 1962 1404 2025 ἡ
1443 1961 1626 2028 τριττὺς
1642 1984 1678 2015 15

50 2061 101 2102 28
115 2044 290 2110 ἑκάστη
315 2045 513 2113 τριήρεις
538 2046 637 2114 ἔχῃ.
688 2045 767 2096 ἐὰν
792 2045 885 2113 γὰρ
910 2050 1042 2096 ταῦθ’
1065 2047 1210 2098 οὕτως
1236 2049 1298 2099 εὶς
1324 2045 1433 2096 ὁδὸν
1458 2044 1625 2097 11κατοι-

167 2250 186 2280 Ρ
207 2245 369 2292 χρήστων
389 2247 424 2280 S.
462 2249 624 2292 χρηστῶν
642 2248 684 2280 A.
708 2247 765 2290 (de
787 2258 856 2293 quo
882 2252 974 2281 tacet
995 2247 1133 2290 Reisk.)
1156 2245 1293 2281 F.Y.O.
1333 2247 1486 2291 χρηστὸν
1505 2248 1624 2294 vulgo.

111 2303 132 2332 ι1
150 2299 268 2345 αὑτῆς]
292 2314 393 2343 αυτης
414 2300 448 2334 S.
479 2301 596 2343 ἑαυτῆς
615 2301 732 2346 vulgo.
831 2305 846 2325 ¹·
865 2301 904 2334 τὸ
925 2299 1003 2334 ἴσον
1023 2300 1059 2333 in
1078 2300 1236 2345 margine
1255 2300 1299 2334 Y.
1398 2305 1412 2325 S
1432 2303 1480 2347 τῷ
1500 2313 1568 2336 om.
1591 2314 1623 2335 v.

111 2358 146 2386 et
163 2364 216 2399 pr.
231 2353 274 2388 Y.
367 2353 383 2378 t
401 2354 460 2388 τὰς
480 2365 551 2388 om.
572 2366 605 2387 v,
629 2359 663 2387 et
683 2366 734 2400 pr.
752 2353 794 2388 Y.
892 2359 914 2378 u
933 2353 1111 2399 πλήρωσιν
1133 2354 1169 2388 S.
1212 2353 1412 2399 Legebatur
1431 2353 1620 2399 πλήρωσις.

110 2452 130 2472 ¹
149 2447 168 2492 ἣ
189 2449 241 2482 καὶ
260 2450 375 2494 σαφὴς
394 2448 509 2495 ἔσται]
539 2449 738 2495 Legebatur
759 2450 811 2483 καὶ
837 2449 953 2493 σαφὴς
980 2450 1057 2483 ὅθεν
1082 2450 1190 2483 ἕσται.
1231 2461 1295 2495 pro
1318 2461 1388 2495 quo
1412 2450 1440 2483 ἐι
1466 2449 1500 2493 (ἣ
1524 2462 1544 2484 a
1570 2463 1618 2486 111.

109 2503 247 2547 quarta)
271 2504 324 2536 καὶ
349 2503 464 2548 σαφὴς
489 2504 585 2537 ἔσται
607 2503 643 2537 S.
684 2518 738 2548 γρ.
760 2503 837 2536 ὅθεν
863 2504 915 2536 καὶ
945 2503 1062 2547 σαφὴς
1089 2504 1187 2536 ἔσται
1213 2515 1334 2548 margo
1363 2503 1398 2536 S.
1425 2515 1445 2537 a
1473 2515 1520 2537 m.
1547 2516 1616 2538 see.

109 2554 160 2589 τίς
177 2553 196 2598 ἣ
215 2556 268 2589 καὶ
287 2557 403 2601 σαφὴς
423 2556 500 2590 ὅθεν
518 2558 616 2590 ἔσται
635 2557 677 2590 Y.
699 2563 733 2590 et
753 2556 882 2590 omisso
903 2556 979 2589 ὅθεν
1000 2557 1075 2590 F.v.
1213 2562 1230 2589 5
1251 2555 1358 2601 λέγω]
1383 2557 1471 2600 λέξω
1492 2557 1617 2592 F.O.V.

110 2612 128 2631 Ζ
151 2609 343 2655 νεώσοικοι]
371 2609 582 2649 νεωσοίκους,
603 2616 643 2643 ut
664 2610 812 2649 videtur,
834 2622 885 2654 pr.
908 2609 944 2643 S.
1102 2614 1120 2633 ὃ
1140 2610 1324 2654 ταξίαρχον
1344 2610 1425 2642 A.S.
1446 2616 1481 2643 et
1500 2624 1555 2655 γρ.
1577 2610 1619 2644 Y.

109 2659 306 2707 Legebatur
325 2662 540 2708 τριήραρχον.
661 2659 681 2686 b
701 2663 844 2695 ἕκαστον
864 2661 902 2695 ὃν
923 2663 958 2696 S.
1002 2661 1201 2707 Legebatur
1222 2662 1366 2695 ἕκαστον
1386 2662 1456 2696 καθ’
1477 2662 1621 2696 ἕκαστον

108 2715 255 2760 νεώριον,
276 2713 329 2749 ἵνα
349 2713 414 2749 αἷσι
435 2716 619 2760 συμμορίαι
639 2714 710 2755 δύο,
733 2715 877 2760 τριήρεις
895 2717 1084 2760 τριάκοντα,
1106 2716 1199 2759 φυλὴ
1219 2716 1290 2758 μία,
1312 2714 1361 2749 ὃν.
1411 2715 1529 2749 Verba
1548 2715 1618 2750 καθ’

107 2765 398 2813 ἕκαστον-φυλὴ
418 2770 478 2813 μία
496 2769 532 2802 iu
551 2781 662 2814 marg.
682 2769 788 2802 habet
807 2770 849 2802 A.
970 2774 985 2793 0
1004 2770 1110 2801 τόπον
1130 2780 1198 2802 om.
1219 2781 1271 2814 pr.
1289 2769 1330 2802 Y.
1442 2765 1461 2793 d
1481 2770 1619 2813 ἑκάστηι

106 2819 188 2856 A.S.
231 2821 430 2868 Legebatur
450 2823 604 2865 ἑκάστης.
716 2827 732 2846 θ
752 2823 845 2855 ποῖαι
865 2822 956 2855 Y.O.
981 2828 1015 2855 et
1034 2835 1088 2867 γρ.
1110 2822 1148 2855 F.
1179 2824 1284 2856 πόσαι
1304 2822 1422 2867 vulgo.
1534 2820 1548 2847 f
1566 2824 1619 2856 καὶ

104 2874 396 2920 τριάκοντα-ἔχῃ
417 2877 510 2910 delet
530 2875 723 2910 Dobraeus.
849 2881 870 2908 g
890 2874 918 2908 δ’
940 2875 976 2921 ἡ]
1001 2875 1037 2909 δέ
1057 2887 1109 2921 pr.
1131 2875 1166 2909 S.
1282 2872 1303 2899 h
1324 2875 1494 2921 καταστῇ]
1520 2890 1618 2910 κατα-

105 2925 206 2971 στᾶἱῆ
229 2928 268 2962 F.

806 2992 829 3017 C
851 2993 873 3018 C
896 2989 917 3018 2
