1903 3271
57 185 214 228 —451,
232 190 261 217 9.
560 176 686 213 ΠΕΡΙ
715 175 826 213 ΤΗΣ
858 175 1320 213 ΠΑΡΑΠΡΕΣΒΕΙΑΣ.
1609 172 1694 214 477

182 284 374 351 τάρκεις,
401 286 430 349 ἡ
465 284 513 336 δὲ
537 290 620 336 τοῦ
652 284 819 350 λέγειν,
847 282 904 335 ἂν
929 284 988 335 τὰ
1012 291 1121 350 παρ’
1149 287 1277 347 ὑμῶν
1309 289 1403 335 τῶν
1429 283 1690 335 ἀκουόντων
1707 300 1742 331 ¹5

183 371 394 435 ἀντιστῇ,
426 368 735 420 διακόπτεται,
777 371 923 422 οὕτως
961 369 1042 418 οῦν
1074 368 1261 418 ἀκούετε
1299 369 1464 418 τούτου
1497 370 1558 421 ὡς
1595 391 1684 418 πο-

181 458 322 517 νηροῦ
348 454 422 502 καὶ
448 451 708 517 δωροδόκου
733 453 808 502 καὶ
834 453 929 502 οὐδ’
958 453 1111 502 ὁτιοῦν
1137 453 1348 517 ἐροῦντος
1374 451 1560 514 ἀληθές.

83 557 167 598 393
247 533 361 585 “Orc
406 536 444 586 δ’
485 537 539 586 οὐ
581 534 726 598 μόνον
766 534 886 585 κατὰ
929 534 1126 597 ιςτᾶλλα,
1174 535 1304 584 ἀλλὰ
1349 536 1424 584 καὶ
1468 533 1527 584 τὰ
1569 532 1719 600 πρὸς·

368 617 480 669 1τὸν
520 619 762 670 Φίλιππον
811 618 1068 684 πράγματα
1117 623 1418 685 ωπανταχῶς
1455 618 1686 686 συμφέρει

179 617 320 669 αὐτὸν

178 707 381 752 11τοῦτον
431 702 696 763 ἑαλωκέναι,
742 701 1000 753 θεάσασθε.
1056 702 1143 752 ε’ίτε
1183 701 1277 768 γὰρ
1322 702 1421 770 ἥξει
1471 701 1584 752 ποτὲ
1626 706 1686 754 εἷς
1701 732 1741 752 20

178 785 387 851 ἀνάγκην
412 791 505 837 τῶν
532 787 718 837 δικαίων
753 810 796 837 τι
833 792 980 837 ποιεῖν
1006 791 1063 853 τῇ
1101 784 1250 847 πόλει,
1276 785 1359 836 τὸν
1392 784 1567 852 τρόπον
1598 809 1681 849 με-

177 869 448 933 ταθήσεται·
492 876 573 920 νῦν
597 869 682 933 μὲν
707 869 799 936 γὰρ
825 869 1025 937 Οᾕρηται
1055 868 1162 922 τοὺς
1195 868 1407 922 πολλοὺς
1439 869 1686 937 ἐξαπατῶν

178 953 368 1017 ὀλίγους
401 954 679 1018 θεραπεύειν,
705 961 725 988 P
743 952 801 1003 ἂν
827 953 875 1004 δὲ
900 954 1091 1006 τούτους
1117 952 1430 1006 ἀπολωλότας
1467 953 1684 1018 πύθηται,

178 1037 284 1100 ὑμῖν
321 1041 416 1089 τοῖς
458 1041 659 1090 πολλοῖς
699 1038 773 1086 καὶ
814 1036 1004 1087 πάντων
1045 1038 1214 1103 κυρίοις
1253 1036 1312 1087 τὰ
1352 1036 1498 1087 λοιπὰ
1538 1042 1684 1088 ποιεῖν
1698 1056 1734 1087 ²5

80 1120 478 1184 394βουλήσεται.
523 1120 601 1171 εἴτ’
630 1122 704 1171 ἐπὶ
735 1124 817 1184 τῆς
844 1122 983 1184 αὐτῆς
1009 1120 1194 1187 (Ῑῆσπερ
1231 1126 1312 1171 νῦν
1346 1121 1562 1188 ἐξουσίας
1588 1123 1685 1171 Γκαὶ

176 1205 426 1270 ἀσελγείας
457 1211 471 1230 ⁵
487 1209 622 1266 μενεῖ,
649 1203 755 1257 τοὺς
791 1205 944 1255 ὁτιοῦν
970 1203 1026 1255 ἂν
1051 1205 1203 1273 ἐκείνῳ
1235 1204 1542 1269 ἵποιήσοντας
1567 1207 1679 1272 ἀνῃ-

174 1287 364 1354 ρηκότες
396 1290 444 1338 ἐκ
475 1291 557 1351 τῆς
591 1287 775 1341 πόλεως
815 1287 997 1349 ἔσεσθε,
1027 1287 1083 1338 ἂν
1107 1295 1128 1314 ¹¹
1147 1288 1338 1341 τούτους
1364 1287 1573 1351 ἀνέλητε·
1615 1288 1685 1339 νοἳ

175 1370 267 1437 γὰρ
305 1369 503 1434 οἰόμενοι
534 1373 664 1435 δίκην
700 1371 887 1439 ὑφέξειν
919 1373 1088 1422 τοιαῦτ’
1117 1372 1340 1439 ἔπραξαν,
1365 1371 1570 1434 τούτους,
1596 1370 1684 1421 Χᾶν

173 1452 234 1503 τὰ
258 1456 366 1520 παρ’
396 1456 524 1517 ὑμῶν
554 1456 709 1508 αὐτοῖς
746 1457 932 1522 Ῡέφεθῇ,
966 1455 1014 1504 τί
1048 1455 1201 1505 οἴεσθε
1240 1453 1509 1518 Ζποιήσεως
1548 1460 1775 1513 ποῖον45ῐ

174 1537 525 1604 3Εὐθυκροῖτην,
565 1543 699 1588 ποῖον
732 1538 998 1601 Λασθένην,
1036 1538 1121 1588 τίν’
1150 1539 1236 1604 οὐχ
1273 1536 1682 1604 ὗὺπερβαλεῖσθαι

77 1640 158 1683 395
173 1622 437 1688 προδότην;
478 1623 581 1672 τίνα
615 1624 652 1672 δ’
682 1623 734 1672 οὐ
760 1621 951 1673 πάντων
986 1626 1078 1672 τῶν
1105 1621 1271 1672 ἄλλων
1308 1623 1447 1688 χείρω
1481 1623 1684 1687 πολίτην

174 1705 409 1774 ὑπάρξειν,
448 1707 629 1771 ὁρῶντα
666 1711 762 1759 τοῖς
801 1706 884 1768 μὲν
916 1704 1102 1756 ἅπαντα
1142 1704 1408 1772 πεπρακόσι
1449 1705 1681 1773 χρήματα,

172 1789 330 1858 δόξαν,
357 1790 577 1858 ἀφορμὴν
603 1789 718 1854 οτὴν
750 1791 992 1841 Φιλίππου
1027 1789 1183 1858 ξενίαν
1216 1797 1485 1856 περιοῦσαν,
1511 1796 1607 1844 τοῖς
1633 1790 1711 1842 δὲ5

172 1872 403 1927 ἀδικαίους
428 1897 478 1924 τε
502 1875 790 1941 παρέχουσιν
816 1872 1003 1927 ἑαυτοὺς
1028 1876 1103 1924 καὶ
1128 1873 1531 1939 προσανηλωκόσι
1557 1873 1675 1942 χρή-

170 1982 298 2022 ματα
334 1960 604 2025 πράγματα,
631 1960 890 2026 ἀπεχθείας,
919 1956 1097 2025 φθόνον
1127 1956 1344 2024 περιόντα
1378 1963 1489 2024 παρ’
1517 1959 1677 2020 ἐνίων,

169 2044 412 2105 μηδαμῶς·
454 2043 558 2092 οὔτε
583 2040 676 2107 γὰρ
702 2042 820 2107 πρὸς
847 2040 991 2109 δόξαν
1017 2042 1120 2091 οὔτε
1153 2040 1271 2106 πρὸς
1310 2041 1550 2102 εὐσεβειαν
1576 2043 1680 2093 οὕτε

169 2124 287 2191 πρὸς
317 2124 588 2193 ἀσφάλειαν
627 2126 730 2176 οὔτε
767 2124 886 2191 πρὸς
924 2123 1049 2174 ἄλλο
1090 2123 1245 2175 θούδὲν
1286 2126 1392 2187 ὑμῖν
1429 2123 1681 2193 Ῑσυμφέρει

223 2315 242 2342 k
262 2318 390 2365 τᾶλλα]
414 2319 505 2353 τ’ἷλλα
525 2320 569 2358 Q.
690 2316 700 2344 Ῑ
719 2319 780 2352 τὸν
799 2330 868 2352 om.
890 2317 964 2351 O.r.
1087 2322 1116 2341 m
1136 2321 1313 2362 πανταχῶς
1335 2317 1567 2352 S.Y.O.t.u.v.
1596 2332 1680 2352 παν-

234 2382 269 2400 ου

168 2418 279 2459 ταχῶς
299 2415 338 2449 F.
380 2418 555 2460 πανταχοῦ
578 2416 695 2461 vulgo.
741 2415 846 2449 Conf.
878 2427 912 2459 p.
941 2423 1052 2460 1457‚
1076 2424 1137 2448 22.
1164 2414 1224 2448 ubi
1250 2416 1430 2458 πανταχῶς
1456 2414 1611 2447 συνοίσει
1637 2416 1678 2457 τῇ

167 2470 279 2502 πόλει.
404 2475 423 2492 ¹³
443 2471 564 2502 τοῦτον
583 2469 838 2504 A.S.Y.O.k.s.
871 2467 1093 2502 Scribebatur
1112 2468 1256 2502 τουτονί.
1383 2473 1401 2492 0
1420 2466 1538 2512 ᾕρηται
1558 2467 1678 2501 A.S.k.

168 2533 228 2556 r.3.
258 2520 445 2566 προῄρηται
464 2523 581 2568 vulgo.
693 2528 711 2555 P
731 2521 787 2568 ἂν]
812 2522 868 2555 ἐὰν
887 2522 1006 2557 A.k.s.
1117 2526 1135 2554 q
1157 2521 1284 2567 ἧσπερ]
1309 2519 1426 2566 ὥσπερ
1446 2534 1473 2554 s.
1592 2526 1606 2545 Γ
1627 2521 1680 2554 καὶ

167 2575 348 2620 ἀσελγείας
367 2587 437 2609 om.
460 2575 506 2614 Q.
618 2581 632 2599 S
653 2575 761 2621 μενεῖ]
786 2576 877 2619 μένει
895 2575 1008 2608 A.k.s.
1128 2573 1143 2600 t
1160 2573 1384 2619 ποιήσοντας]
1407 2573 1615 2616 ποιήσαντας
1634 2574 1678 2608 Α.

168 2628 268 2663 k.r.s.
354 2634 374 2653 ¹¹
394 2627 550 2674 τούτους]
576 2628 708 2664 τούτοις
728 2636 755 2663 t.
842 2636 860 2653 V
881 2626 912 2662 οἳ
934 2627 1062 2662 S.Y.O.
1084 2634 1118 2662 et
1137 2643 1192 2673 γρ.
1214 2629 1251 2662 k.
1283 2628 1311 2661 εἷ
1330 2627 1447 2672 vulgo.
1543 2633 1559 2649 x
1579 2626 1619 2661 ἂν
1641 2627 1677 2661 S.

168 2681 225 2714 ἐὰν
244 2681 363 2726 vulgo,
430 2688 449 2715 y
465 2683 569 2726 ἐφεθῇ
585 2683 718 2717 S.Y.O.
734 2688 769 2716 et
780 2697 836 2728 γρ.
851 2683 886 2716 k.
903 2682 1014 2726 ἀφεθῇ
1027 2681 1145 2715 ceteri.
1215 2687 1232 2705 Ζ
1253 2680 1425 2726 ποιήσειν]
1444 2682 1552 2714 ποιεῖν
1564 2681 1677 2714 A.k.s.

168 2740 187 2758 a
207 2734 668 2781 Et'JvapcirrJv—-Aaffsse'vqrq
693 2734 1082 2780 εὐθυκράτη-λασθένη
1099 2734 1227 2774 FWSQ
1350 2730 1369 2758 b
1390 2733 1675 2780 ὑπερβαλεῖσθαι]

168 2787 418 2833 ὑπερβαλεῖσθε
437 2801 465 2822 r.
549 2795 565 2814 C
586 2790 644 2833 τὴν
664 2801 733 2823 om.
755 2791 868 2824 A.k.s.
936 2785 955 2813 d
975 2787 1138 2833 δικαίους]
1159 2786 1295 2823 δικαίοις
1315 2788 1457 2822 A.k‚r.s.
1544 2792 1559 2811 e
1580 2787 1678 2821 οὐδὲν

168 2853 238 2876 om.
259 2853 286 2875 r.
396 2838 413 2866 f
430 2842 599 2888 συμφέρει
618 2842 756 2889 τοῦτον]
779 2845 899 2877 τοῦτον
919 2842 1089 2887 συμφέρει
1107 2854 1135 2875 r.
