1882 3250
225 172 281 211 50
767 170 1194 208 ΔΗΜΟΣΘΕΝΟΎΣ
1425 167 1501 205 Oa.
1521 165 1597 204 IV.
1620 179 1659 218 p.
1675 177 1744 214 44,
1761 181 1812 206 24-
1875 209 1878 219 Α

224 283 345 335 kaim}
381 285 462 346 τῆς
496 282 660 334 οἰκείας
686 282 842 348 χώρας
877 281 1017 330 αὐτοῦ
1054 278 1320 345 1στρατείας
1358 282 1419 331 εἰς
1457 277 1625 329 Πύλας
1663 279 1737 326 καὶ

226 365 532 433 Χερρόνησον
579 368 654 416 καὶ
696 362 944 415 ”Ολυνθον
995 365 1071 414 καὶ
1113 363 1219 414 ὅποι
1262 362 1497 423 βούλεται·
1538 364 1608 411 δεῖ
1645 360 1739 426 γὰρ
1752 381 1788 413 ²5

229 453 382 520 ἐκείνῳ
408 456 544 502 τοῦτο
571 451 619 500 ἐν
644 453 701 516 τῇ
734 448 897 515 γνώμῃ
930 456 959 474 ¹¹¹
976 450 1291 513 παραστῆναι,
1319 448 1380 499 ὡς
1416 447 1540 508 ὑμεῖς
1574 446 1622 494 ἐκ
1659 446 1742 506 τῆς

230 536 447 599 ἀμελείας
484 533 655 596 ταύτης
693 535 775 595 τῆς
811 532 945 596 ἄγαν,
973 529 1136 596 ὥσπερ
1174 534 1235 583 εἷς
1272 530 1480 589 Εὔβοιαν
1512 530 1587 578 καὶ
1621 525 1740 593 πρό-

231 617 365 685 τερόν
389 617 508 669 ποτέ
540 621 692 685 φασιν
724 620 786 669 εἰς
811 617 1068 680 Ἀλίαρτον
1105 616 1181 664 καὶ
1216 613 1275 664 τὰ
1307 617 1550 663 τελευταῖα
1583 611 1747 676 πρώην

168 725 215 753 21
234 707 295 756 εἰς
323 702 503 762 Πύλας,
531 701 647 753 ἰ’σως
673 698 731 749 ἂν
764 707 783 724 ¹¹
802 698 1073 765 ὁρμήσαιτε.
1118 699 1279 748 Οοὔτοι
1313 701 1557 749 παντελῶς
1589 696 1681 746 οὐδ’
1711 698 1747 744 εἰ

234 785 299 850 μὴ
326 784 592 848 Ρποιήσαιτ’
620 782 678 833 ἂν
704 788 855 844 τοῦτο,
884 785 945 835 ὡς
985 782 1137 847 ἔγωγέ
1166 785 1288 849 φημι
1319 783 1427 841 δεῖν,
1454 778 1741 846 εὐκαταφρό·
1759 787 1811 833 45

237 867 376 933 νητόν
414 869 558 928 ἐστιν,
597 866 650 916 ἵν’
686 864 714 929 ἢ
751 863 826 915 διὰ
860 864 942 914 τὸν
979 863 1134 932 φόβον
1172 863 1301 916 εἰδὼς
1339 864 1600 928 (ἱεύτρεπεῖς
1633 864 1750 924 ὑμᾶς

241 951 435 1014 (εἵσεται
468 947 561 1015 γὰρ
600 950 818 1013 ἀκριβῶς·
859 949 949 996 εἰσὶ
983 946 1088 1012 γὰρ,
1122 948 1242 996 εἰσὶν
1277 950 1318 996 οἱ
1350 945 1488 997 πάντ’
1515 944 1746 1014 ἐξαγγέλ-

239 1043 400 1086 λοντες
425 1033 580 1100 ἐκείνῳ
605 1032 713 1094 παρ’
743 1031 873 1093 ἡμῶν
899 1030 1052 1079 αὐτῶν
1077 1030 1268 1082 πλείους
1296 1035 1379 1079 τοῦ
1406 1029 1606 1093 δέοντος)
1635 1029 1780 1092 ἡσυ-5

239 1119 346 1186 χίαν
384 1117 480 1184 ἔχῃ,
520 1114 548 1180 ὴ
585 1113 795 1180 παριδὼν
837 1119 984 1163 ταῦτα
1023 1111 1297 1181 ἀφύλακτος
1341 1116 1520 1180 ληφθῇ,
1560 1110 1756 1176 μηδενὸς

241 1202 374 1254 ὄντος
407 1198 622 1264 ἐμποδὼν
647 1203 784 1249 πλεῖν
811 1199 884 1247 ἐπὶ
910 1196 995 1260 τὴν
1021 1196 1192 1247 ἐκείνου
1229 1196 1389 1264 χώραν
1416 1199 1535 1259 ὑμῖν,
1561 1196 1618 1247 ἂν
1643 1198 1757 1265 ἐνδῷ

178 1283 448 1350 22Γκαιρόν.
491 1288 641 1333 ταῦτα
685 1281 768 1344 μέν
814 1283 945 1331 ἐστιν
988 1278 1018 1330 ἂ
1060 1285 1181 1331 πᾶσι
1232 1279 1448 1347 δεδόχθαι
1499 1282 1621 1348 φημὶ
1664 1283 1807 1330 δεῖνῐο

243 1371 318 1420 καὶ
353 1364 766 1432 5παρεσκευάσθαι
803 1362 1062 1428 προσήκειν
1098 1361 1266 1426 ἵοῖμαι*
1307 1371 1327 1389 “
1341 1363 1459 1429 πρὸς
1498 1363 1547 1414 δὲ
1579 1364 1760 1417 τούτοις

244 1451 437 1515 δύναμίν
460 1473 574 1511 τινα,
589 1447 624 1498 ὦ
646 1449 808 1515 ἄνδρες
829 1450 1083 1511 Ἀθηναῖοι,
1103 1450 1224 1515 φημὶ
1243 1449 1643 1514 προχειρίσασθαι
1669 1449 1763 1498 δεῖν

246 1537 414 1597 Χὺμᾶς,
449 1532 714 1600 ἢσυνεχῶς
751 1531 1015 1595 πολεμήσει
1054 1533 1128 1581 καὶ
1169 1536 1320 1584 κακῶς
1359 1533 1530 1581 ἐκεῖνον
1563 1529 1763 1594 ποιήσει.

245 1618 309 1682 μή
336 1641 414 1680 μοι
441 1617 632 1682 μυρίους
667 1615 783 1679 μηδὲ
809 1616 1081 1681 δισμυρίους
1109 1616 1283 1684 ξένους,
1308 1614 1424 1679 μηδὲ
1450 1613 1534 1668 τὰς
1567 1616 1760 1665 ἐπιστο-

247 1701 460 1765 λιμαίους
511 1698 682 1751 ταύτας
725 1698 952 1762 δυνάμεις,
995 1700 1104 1748 ἀλλ’
1148 1698 1176 1763 ἢ
1219 1702 1301 1762 τῆς
1351 1697 1537 1751 πόλεως
1587 1698 1767 1761 Υέσται,

1838 1475 1844 1574 ἱ

248 1784 335 1837 κᾶν
368 1786 494 1847 ὑμεῖς
532 1784 611 1833 ἕνα
651 1781 736 1833 κᾶν
774 1783 964 1836 πλείους
1003 1781 1090 1832 κᾶν
1126 1781 1208 1833 τὸν
1243 1786 1368 1832 δεῖνα
1403 1781 1489 1832 κᾶν
1523 1783 1814 1841 Ζὸντινοῦνις

249 1867 610 1937 χειροτονήσητε
630 1865 918 1931 στρατηγὸν,
937 1866 1086 1934 τούτῳ
1112 1867 1324 1917 πείσεται
1345 1867 1419 1916 καὶ
1439 1864 1768 1929 ἀκολουθήσει.

186 1976 235 2017 23
252 1955 326 2003 καὶ
346 1950 532 2019 τροφὴν
548 1949 693 2017 ταύτῃ
714 1950 909 2016 πορίσαι
931 1950 1117 2000 κελεύω.
1158 1949 1292 1999 ἔσται
1313 1950 1349 1997 δ’
1369 1949 1485 2012 αὕτη
1503 1949 1572 2002 τίς
1589 1949 1616 2012 ἡ
1635 1948 1772 1999 δύνα-

251 2060 326 2102 μις
366 2038 442 2086 καὶ
480 2033 624 2098 πόση,
653 2035 728 2084 καὶ
754 2033 899 2084 πόθεν
936 2033 1023 2097 τὴν
1059 2032 1243 2100 τροφὴν
1270 2032 1375 2101 ἕξει,
1402 2034 1604 2085 καὶπῶς
1642 2033 1770 2083 ταῦτ’

253 2128 271 2147 ³
287 2119 535 2183 ἐθελήσετε
561 2122 708 2169 ποιεῖν
729 2140 739 2178 ;
781 2115 873 2182 ἐγὼ
901 2116 1092 2185 φράσω,
1113 2116 1135 2150 b
1152 2118 1253 2167 καθ’
1277 2117 1478 2170 ἕκαστον
1503 2115 1681 2169 τούτων
1707 2120 1774 2167 δε-
1837 2152 1842 2163 ,

254 2203 391 2272 εξιὼν
416 2203 573 2270 χωρίς.
619 2200 778 2269 ξένους
803 2199 888 2264 μὲν
907 2200 1184 2266 λέγω-καὶ
1204 2199 1331 2254 ὅπως
1355 2198 1420 2264 μὴ
1445 2198 1689 2263 οποιήσετε
1716 2197 1772 2250 ‘³5
1787 2225 1825 2248 κο

482 2313 531 2343 διὰ

311 2357 327 2380 ¹³
359 2359 443 2405 ἀπὸ]
482 2359 537 2392 ἐπὶ
566 2358 608 2391 Y.
642 2358 678 2391 in
708 2357 825 2397 litura,
853 2357 906 2391 ε’πὶ
939 2357 1056 2392 O.u.v.
1221 2354 1231 2381 l
1266 2354 1461 2402 στρατείας]
1495 2355 1660 2400 στρατιὰς
1689 2354 1777 2389 Α.Υ.
1837 2365 1842 2375 ’

1376 2414 1390 2435 η

259 2452 289 2471 ¹1¹
309 2444 542 2491 παραστῆναι]
567 2446 789 2489 παραστῆσαι
811 2445 846 2478 S.
996 2450 1015 2468 ¹¹
1036 2443 1239 2489 ὁρμήσαιτε]
1262 2442 1430 2488 ὁρμήσετε
1451 2442 1488 2476 S.
1625 2447 1643 2466 ⁰
1663 2439 1774 2486 οὔτοι]

260 2502 333 2533 οὔτι
355 2499 436 2533 O.u.
458 2504 493 2533 et
514 2503 691 2533 correctus
710 2511 742 2532 v.
854 2503 874 2530 P
894 2496 1085 2543 ποιήσαιτ’]
1109 2495 1265 2540 ποιήσετ’
1288 2497 1322 2531 S.
1352 2493 1510 2539 ποιήσητ’
1532 2494 1574 2528 Y.
1684 2499 1705 2527 q
1724 2494 1779 2528 εὐ-

258 2552 410 2598 τρεπεῖς]
435 2553 613 2596 εὐπρεπεῖς
633 2551 676 2585 Y.
799 2557 813 2577 Γ
834 2552 949 2595 καιρόν
970 2552 1007 2585 S.
1039 2551 1151 2595 καιρός
1169 2550 1286 2595 vulgo.
1409 2553 1423 2572 S
1443 2547 1719 2593 παρεσκευάσθαι
1739 2545 1780 2581 F.

260 2611 295 2640 et
319 2611 497 2640 correctus
519 2605 554 2638 S.
575 2604 653 2651 (qui
683 2616 735 2649 pr.
755 2604 1038 2650 παρασκευιὶσθαι
1066 2603 1206 2648 habuit)
1232 2608 1267 2637 et
1294 2617 1350 2649 γρ.
1372 2602 1414 2635 Β.
1452 2600 1782 2646 παρασκευάσασθαι

260 2659 379 2704 vulgo.
511 2661 520 2680 ἵ
540 2655 649 2703 οἶμαι]
676 2656 788 2701 οἴομαι
809 2658 851 2691 Α.
984 2664 1004 2683 Η
1024 2658 1110 2704 πρὸς
1130 2657 1165 2690 δὲ
1185 2655 1335 2702 τούτοις]
1359 2656 1426 2701 πρὸ
1447 2655 1483 2689 δὲ
1503 2652 1633 2689 τούτων
1653 2653 1794 2688 B.F.S..

1690 2712 1712 2728 ω

263 2758 332 2780 u.v.
362 2760 418 2791 γρ.
439 2745 525 2790 πρὸς
545 2745 581 2778 δέ
601 2743 735 2779 τούτοις
756 2745 798 2779 Β.
910 2749 929 2768 x
951 2742 1053 2788 ὑμᾶς]
1079 2743 1164 2788 ἡμᾶς
1184 2743 1475 2778 A.B.F.S.0.u.v.
1587 2746 1602 2770 )’
1623 2741 1722 2774 ἔσται
1742 2739 1781 2773 F.

263 2799 362 2831 ἔσται
383 2798 464 2832 B.S.
495 2798 585 2830 ἕστω
604 2798 724 2843 vulgo.
850 2804 863 2819 ²
885 2796 1056 2842 ὁντινοῦν]
1081 2799 1195 2831 τινοῦν
1217 2798 1252 2831 S.
1283 2798 1416 2831 ὁτινοῦν
1436 2808 1488 2842 pr.
1508 2795 1552 2829 O.
1674 2798 1693 2818 a
1713 2793 1784 2826 ἐθε-
1840 2800 1841 2805 ’

263 2850 406 2896 λήσετε]
432 2850 589 2894 ἐθελήσει
611 2851 645 2884 S.
758 2847 777 2875 b
798 2850 886 2896 καθ’]
912 2851 964 2883 καὶ
983 2849 1053 2884 καθ’
1076 2849 1119 2883 O.
1231 2857 1246 2876 ⁰
1266 2849 1427 2894 ποιήσετε
1450 2849 1654 2883 Bekkerus:
1684 2844 1781 2889 ποιή-
1840 2867 1843 2894 5

266 2917 350 2947 σητε
370 2904 461 2938 libri.
574 2900 593 2928 ‘1
614 2902 649 2948 ὃ]
667 2904 760 2937 τοῦθ’
782 2903 799 2937 ὃ
820 2903 990 2939 A.B.F.Y
1007 2903 1126 2937 O.u.v.
