1882 3250
236 161 320 201 200
782 167 1210 206 ΔΗΜΟΣΘΕΝΟΎΣ
1346 166 1429 207 On.
1453 166 1581 207 XIV.
1603 180 1646 222 p.
1665 167 1759 221 187,
1775 186 1812 216 27
1875 174 1882 182 '

236 274 377 324 οἴεται
428 275 574 343 φύσει
624 279 869 344 δυστυχεῖς
914 278 1155 340 Θηβαίους
1206 276 1334 340 εἶναι,
1379 278 1522 329 ἐκεῖνό
1566 303 1619 345 γε
1664 281 1746 345 δή·

235 363 408 409 πουθεν
441 358 643 413 ἅπαντες
682 362 957 423 ἐπίστασθε,
993 361 1063 411 ὅτι
1095 363 1323 425 Θηβαίων
1357 364 1590 414 5τοίκείνου
1625 368 1746 432 φρο-

237 441 440 492 νούντων
474 442 657 508 ἀνάγκη
693 443 800 498 τοὺς
834 443 1011 494 τούτων
1049 444 1242 512 ἐχθροὺς
1281 445 1340 496 τὰ
1375 451 1469 497 τῶν
1500 446 1753 512 Ἑλλήνων

237 530 440 594 φρονεῖν.

167 634 222 673 42
309 612 550 675 Ἡγοῡμαι
585 613 739 662 τοίνυν
769 611 860 677 ἐγὼ
891 612 1065 676 ταύτην
1094 612 1179 677 τὴν
1205 613 1341 682 τάξιν
1365 619 1448 664 τοῦ
1476 615 1650 665 δικαίου
1676 612 1851 683 xa2188}

845 695 859 721 t

235 693 342 747 τοὺς
375 697 470 757 μετ’
499 696 640 757 αὐτῆς
675 694 812 748 ὄντας
875 695 1107 761 κρείττους
1143 701 1237 746 τῶν
1274 699 1518 762 προδοτῶν
1557 700 1632 748 καὶ
1670 704 1752 749 τοῦ

235 778 483 844 βαρβάρου
522 779 719 830 ε”σεσθαι
762 778 880 845 πρὸς
919 779 1146 834 ἅπαντας.
1207 780 1319 831 ὥστ’
1351 783 1455 831 οὕτε
1493 783 1756 849 φοβεῖσθαί

236 865 359 929 φημι
398 865 490 912 δεῖν
529 863 649 928 πέρα
692 868 775 913 τοῦ
818 864 1008 929 μετρίου
1051 865 1146 915 οὔθ’
1189 867 1453 931 ὑπαχθῆναι
1497 865 1779 931 προτερουςς)

167 968 221 1010 43
237 945 444 1011 ἐκφέρειν
478 945 561 996 τὸν
593 945 823 1009 πόλεμον.
884 949 960 997 καὶ
996 947 1090 1011 μὴν
1113 946 1255 998 Πούδὲ
1289 953 1384 999 τῶν
1416 948 1581 999 ἄλλων
1607 949 1747 999 οὐδέν’

235 1025 294 1076 ἂν
327 1026 513 1082 εἰκότως
550 1028 839 1093 ΧἙλλήνων
877 1030 1150 1098 φοβηθέντα
1186 1030 1300 1081 Υτὸν
1336 1030 1549 1094 πόλεμον
1586 1038 1753 1082 τοῦτον

1863 817 1876 929 ι]

1865 922 1877 997 ἐξ

1865 1020 1877 1066 z:

1865 1067 1870 1130 ἒ

235 1111 344 1176 ὁρῶ·
385 1112 454 1165 τίς
478 1111 572 1178 γὰρ
599 1114 682 1163 οὐκ
708 1112 829 1164 οἶδεν
855 1115 1007 1164 αὐτῶν
1039 1114 1109 1164 ὅτι
1135 1114 1248 1168 Ζἕως
1280 1113 1365 1178 μὲν
1400 1114 1553 1165 κοινὸν
1584 1114 1752 1182 ἐχθρὸν

234 1200 254 1220 a
276 1196 286 1210 ‚
336 1199 357 1209 ,-
472 1197 482 1211 ρ
685 1196 695 1212 2
816 1199 827 1213 ι
942 1197 952 1212 1
1078 1200 1088 1214 ‚
1176 1198 1188 1214 ι
1483 1203 1503 1213 0
1575 1201 1586 1216 ‚
1700 1204 1720 1214 Α

263 1217 434 1246 εκεινον
460 1200 773 1263 υπειληφοτες
800 1220 1036 1260 ωμονοουν
1062 1204 1307 1261 αλληλοις,
1333 1205 1534 1249 πολλων
1560 1204 1752 1264 αγαθων

234 1276 361 1341 ἦσαν
405 1278 563 1345 κύριοι,
604 1279 759 1344 ἐπειδὴ
803 1279 852 1330 δὲ
899 1281 1044 1349 φίλον
1088 1281 1230 1332 αὑτὸν
1274 1284 1552 1346 νομίσαντες
1595 1285 1805 1337 αὑτοῖςιο

236 1361 460 1430 ὑπάρχειν
492 1366 597 1429 περὶ
635 1369 729 1415 τῶν
766 1364 885 1430 πρὸς
922 1364 1088 1418 αὑτοὺς
1123 1366 1438 1433 διηνέχθησαν
1469 1365 1750 1434 ἱ)διαφόρων,

236 1444 397 1511 ὅσ’,ἂν
423 1447 526 1497 οὐδὲ
552 1448 876 1514 καταρώμενος
902 1449 1008 1515 εὗρέ
1035 1472 1104 1502 τις
1139 1450 1307 1511 αὐτοῖς,
1334 1455 1546 1500 τοσαῦτα
1578 1449 1750 1500 πεπόν-

167 1550 223 1590 44
237 1532 352 1579 θασι
390 1530 542 1591 κακά;
589 1529 669 1582 εἶθ’
705 1530 758 1582 ὃν
794 1533 821 1596 ἡ
856 1532 975 1600 τύχη
1012 1535 1087 1583 καὶ
1121 1531 1175 1584 τὸ
1210 1533 1448 1597 δαιμόνιον
1484 1535 1630 1602 φίλον
1667 1533 1753 1597 μὲν

235 1614 513 1677 ἀλυσιτελῆ,
540 1615 848 1683 συμφέροντα
881 1618 922 1665 δ’
950 1615 1119 1682 ἐχθρὸν
1150 1615 1400 1683 ἐμφανίζει,
1427 1622 1593 1667 τοῦτον
1623 1617 1751 1679 ἡμεῖς
1766 1639 1800 1672 15

234 1696 558 1764 οφοβώμεθας
617 1702 858 1762 μηδαμῶς·
914 1699 1045 1750 ἀλλὰ
1090 1698 1230 1764 ἁμηδ’
1277 1701 1519 1763 ἀδικῶμεν,
1566 1701 1753 1750 εαὺτῶν

233 1779 366 1842 ἡμῶν
404 1781 535 1831 ἕνεκα
573 1783 648 1832 καὶ
686 1786 769 1845 τῆς
806 1788 901 1833 τῶν
939 1784 1106 1834 ἄλλων
1140 1783 1394 1847 Ἑλλήνων
1431 1787 1639 1851 ταραχῆς
1677 1787 1753 1835 καὶ

234 1860 495 1927 ἷάπιστίας,
523 1867 619 1916 ἐπεὶ
654 1866 697 1915 εἴ
726 1871 772 1932 γ’
800 1865 1136 1930 ἕὸμοθυμαδὸν
1174 1866 1230 1931 ἧν
1267 1865 1385 1930 μετὰ
1421 1865 1612 1918 πάντων
1647 1869 1749 1918 ἐπι-

234 1946 402 1998 θέσθαι
433 1948 576 2017 μόνῳ,
605 1950 698 1999 οὐδ’
727 1949 926 2000 11οἰδικεῖν
951 1951 1072 2013 ἡμᾶς
1098 1951 1269 2000 ἐκεῖνον
1295 1950 1477 2014 ἀδίκημ’
1505 1948 1562 1999 ἂν
1587 1949 1746 2011 ἔθηκα.

165 2049 220 2092 45
234 2030 388 2095 ἐπειδὴ
428 2031 477 2082 δὲ
513 2035 638 2083 τοῦτ’
670 2034 758 2100 οὐχ
795 2035 941 2086 οὕτως
979 2034 1085 2100 ἔχει,
1125 2032 1459 2102 φυλάττεσθαί
1495 2037 1618 2100 φημι
1657 2037 1750 2084 δεῖν
1763 2061 1802 2083 20

232 2113 298 2177 μὴ
341 2113 590 2181 πρόφασιν
634 2118 788 2179 δῶμεν
830 2121 1032 2177 βασιλεῖ
1071 2122 1154 2166 τοῦ
1198 2115 1258 2166 τὰ
1302 2117 1454 2166 δίκαια
1499 2115 1613 2182 ὑπὲρ
1656 2121 1751 2167 τῶν

234 2196 401 2247 ἄλλων
425 2198 678 2263 Ἑλλήνων
709 2199 874 2266 ζητεῖν·
917 2200 1122 2268 ἡσυχίαν
1154 2199 1239 2262 μὲν
1265 2199 1358 2265 γὰρ
1387 2198 1590 2266 ἐχόντων
1621 2201 1751 2263 ὑμῶν

940 2283 958 2310 Β

235 2281 442 2334 ὕποπτος
468 2279 525 2331 ἂν
551 2282 618 2346 εἰἠ
645 2281 844 2333 ἰτοιοῦτό
870 2306 913 2334 τι
951 2283 1201 2349 πράττων,
1228 2282 1440 2347 πόλεμον
1466 2283 1514 2334 δὲ
1539 2307 1744 2348 ποιησα-

231 2361 384 2425 μένων
421 2361 686 2430 1προτέρων
724 2365 908 2419 εἰκότως
946 2365 1002 2416 ἂν
1041 2367 1197 2430 δοκοίη
1237 2366 1313 2416 διὰ
1350 2365 1436 2430 τὴν
1472 2366 1591 2434 πρὸς
1632 2369 1749 2431 ὑμᾶς

288 2518 302 2537 S
322 2513 490 2559 τάκείνου]
515 2515 557 2548 τὰ
576 2515 702 2548 ἐκείνου
724 2515 895 2550 F.Y.O.v.
1051 2514 1066 2541 t
1087 2518 1259 2561 κρείττους
1276 2523 1357 2563 post
1375 2518 1554 2562 προδοτῶν
1574 2517 1747 2553 F.Y.O.v.

232 2571 252 2590 ¹¹
273 2566 351 2600 οὐδὲ
372 2579 440 2601 om.
461 2568 503 2601 A.
588 2573 607 2592 Χ
625 2568 801 2612 Ἑλλήνων
820 2582 890 2604 om.
910 2570 950 2603 F.
1047 2576 1065 2603 Y
1084 2571 1144 2604 τὸν
1164 2583 1231 2604 om.
1255 2571 1299 2604 Ο.
1383 2576 1401 2595 Ζ
1421 2570 1482 2606 ἕως
1503 2571 1594 2607 F.O.
1618 2577 1653 2606 et
1672 2583 1748 2606 cor-

230 2624 347 2653 rectus
367 2620 409 2653 Y.
440 2621 640 2666 Legebatur
660 2624 753 2657 τέως.
828 2628 847 2647 a
867 2623 990 2657 ἐκεῖνον
1009 2629 1090 2658 ante
1110 2625 1222 2658 κοινὸν
1242 2629 1379 2670 ponunt
1395 2624 1562 2659 F.Y.O.v.
1637 2621 1657 2649 b
1677 2625 1748 2658 δια·
1869 2621 1873 2670 ξ

231 2673 350 2717 φόρων
370 2674 545 2708 Reiskius.
575 2675 749 2720 διαφορῶν
768 2676 858 2710 libri.
980 2682 996 2701 ⁰
1015 2677 1221 2723 φοβώμεθα]
1246 2676 1448 2722 φοβούμεθα
1466 2691 1501 2713 v,
1612 2674 1632 2702 d
1650 2677 1744 2725 μηδ’]
1870 2677 1873 2683 ”

231 2726 276 2769 μὴ
298 2726 428 2761 F.S.O.
567 2734 583 2752 e
603 2729 714 2762 αὐτῶν
733 2729 825 2773 ἡμῶν
844 2742 878 2766 V.
911 2731 1013 2764 αὐτὸν
1033 2730 1124 2774 ἡμῶν
1146 2731 1180 2765 S.
1202 2737 1237 2765 et
1255 2745 1309 2776 γρ.
1332 2731 1372 2765 F.
1406 2731 1509 2765 αὐτὸν
1528 2731 1620 2776 ἡμῶν
1639 2731 1749 2765 αὐτῶν
1870 2737 1873 2767 ἱ

232 2779 274 2812 Α.
296 2785 330 2813 et
349 2794 404 2825 γρ.
425 2780 466 2813 Y.
498 2780 590 2824 ἡμῶν
609 2782 718 2816 αὐτῶν
738 2784 857 2829 vulgo.
970 2781 985 2808 f
1001 2783 1178 2830 ἀπιστίας]
1202 2784 1381 2819 ‹imo-velas
1400 2797 1453 2830 pr.
1478 2785 1513 2818 S.
1624 2789 1645 2817 g
1664 2785 1744 2827 ὁμο·
1870 2789 1874 2818 t

233 2832 397 2879 θυμαδόν]
422 2834 594 2878 ὁμόθυμον
615 2835 654 2870 F.
678 2841 713 2870 et
731 2849 784 2882 pr.
807 2837 843 2871 S.
973 2834 994 2862 h
1014 2837 1155 2883 ἀδικεῖν]
1179 2837 1304 2872 ἀδικεῖν
1323 2836 1362 2871 ἂν
1381 2837 1550 2872 F.Y.O.v.
1571 2842 1606 2871 et
1625 2849 1747 2883 margo
1870 2824 1873 2856 Ι

235 2900 270 2934 S.
291 2913 312 2934 a
331 2914 377 2936 m.
397 2903 540 2937 recenti.
619 2901 628 2930 i
649 2906 800 2952 τοιοῦτο]
825 2908 981 2940 τοιοῦτον
1002 2907 1037 2942 S.
1112 2904 1131 2932 k
1152 2907 1326 2953 πράττων]
1349 2900 1508 2953 πραττῧῖ
1526 2908 1611 2943 F.Y.
1641 2908 1746 2954 πράτ-

233 2968 302 2988 τειν
321 2967 355 2990 ν.
465 2953 475 2981 l
495 2957 686 3004 προτέρων]
710 2960 876 3005 πρότερον
895 2961 938 2994 A.
