1903 3271
18 190 672 243 oa.X1X.p.334‚1-336,12.
755 191 894 228 ΔΗΜ.
926 190 1052 226 ΠΕΡΙ
1083 189 1195 226 ΤΗΣ
1227 189 1458 225 ΠΑΡΑΠΡ.
1569 185 1654 225 353

681 307 854 336 uETEPA
882 306 1116 335 ΥΠΟΘΕΣῙΣ.

192 370 349 412 Πόλεμος
382 366 596 411 συνειστήκει
629 364 789 412 Φιλίππῳ
822 367 875 399 καὶ
907 364 1095 409 Ἀθηναίοις
1129 365 1266 409 μακρὸς,
1298 363 1336 407 ἐξ
1367 361 1472 408 οὗπερ
1503 363 1657 408 παραβὰς

138 432 198 467 τὰς
228 433 314 476 πρὸς
343 431 466 466 αὐτοὺς
499 430 666 474 συνθήκας
698 432 807 472 ἔλαβε
836 429 913 475 παρ’
942 427 1131 464 Ὀλυνθίων
1158 427 1383 473 Ἀμφίπολιν,
1413 425 1522 461 οὖσαν
1551 428 1657 471 κτῆμα

136 496 196 539 τῆς
222 497 366 530 πόλεως·
399 496 451 529 καὶ
479 494 518 538 ἧν
544 493 599 529 ὑπ’
621 493 815 529 Ὀλυνθίοις
844 492 915 528 καθ’
943 492 981 527 ὃν
1010 493 1125 538 καιρὸν
1150 491 1352 535 ἀπέστησαν
1378 491 1431 524 καὶ
1459 491 1491 523 οἱ
1519 489 1685 534 σύμμα-ί->

136 573 204 604 χοι.
244 558 459 603 συνειστήκει
481 559 517 593 δέ
544 559 597 592 καὶ
622 558 735 604 ἕτερος
757 559 911 592 Φωκεῦσι
935 557 1022 602 πρὸς
1048 555 1244 590 Θετταλοὺς
1270 555 1323 588 καὶ
1349 554 1532 598 Θηβαίους,
1553 556 1656 588 τοῦτο

131 622 198 665 μὲν
222 622 299 667 περὶ
327 624 387 655 τοῦ
417 623 506 667 ἱεροῦ
534 624 594 656 τοῦ
619 622 730 656 Πυθοῖ
754 621 840 666 πρὸς
861 619 1067 659 Θετταλοὺς,
1088 620 1190 653 τοῦτο
1211 618 1247 652 δέ
1269 618 1352 663 ὑπὲρ
1371 616 1581 662 Ὀρχομενοῦ
1605 618 1658 650 καὶ

137 685 326 730 Κορωνείας
343 687 429 732 πρὸς
448 686 528 721 τοὺς
549 686 730 730 Θηβαίους·
761 685 904 728 εὔδηλον
923 685 988 730 γὰρ
1009 683 1044 718 ἐκ
1065 685 1123 727 τῆς
1147 683 1299 729 ἱστορίας
1323 681 1374 716 ὅτι
1398 685 1466 715 τῶν
1491 682 1551 726 μὲν
1571 695 1656 726 παρ-
1672 692 1709 712 10

137 750 272 784 είλοντο
305 750 365 785 τὰς
393 749 454 784 δύο
488 752 605 785 πόλεις
638 750 841 796 γειτνιώσας
874 749 1000 788 αὐτοῖς,
1032 747 1228 782 Θετταλοὺς
1257 747 1294 780 δὲ
1325 746 1566 791 παρωσάμενοι
1599 745 1660 789 τὴν

136 813 402 858 Ἀμφικτυονίαν
429 813 488 847 ἅτε
516 814 551 848 ε’ν
579 814 667 858 μέσῃ
694 812 818 848 Φωκίδι
846 816 913 847 τῶν
942 816 977 848 ἐν
1002 813 1155 858 Δελφοῖς
1184 813 1280 857 ἶερῶν
1306 810 1502 856 ἱδρυμένων.
1546 810 1660 853 ἐπειδὴ

138 878 176 911 δὲ
197 877 307 911 πολὺν
329 878 454 923 χρόνον
478 878 697 921 ἐπολέμησαν
722 879 807 923 πρὸς
833 877 973 912 ἑαυτοὺς
998 876 1167 920 Ἀθηναῖοι
1194 876 1247 909 καὶ
1271 873 1455 915 Φίλιππος,
1477 875 1524 921 τῷ
1545 875 1660 920 χρόνῳ

136 941 198 985 τὴν
230 940 362 987 εἰρήνην
395 942 544 987 ἑκάτεροι
582 943 692 977 ποιεῖν
725 940 924 983 ἐβούλοντο,
959 941 1038 975 ἀλλ’
1072 941 1237 985 ὁπότερος
1268 941 1375 973 ταῦτα
1407 939 1656 984 προβάλλοιτο,
1674 947 1708 975 15

136 1002 302 1049 αἰσχύνην
329 1005 421 1049 ἔχειν
449 1004 614 1048 ἐνόμιζον.
671 1003 918 1050 Ἀριστόδημος
946 1005 981 1038 δὲ
1011 1005 1064 1038 καὶ
1093 1004 1334 1047 Νεοπτόλεμος
1367 1003 1543 1047 ὑποκριταὶ
1576 1016 1655 1047 τρα-
1669 1006 1750 1047 335

135 1068 262 1116 γῳδίας
285 1066 483 1114 ἐτύγχανον·
513 1068 606 1102 οὗτοι
627 1069 681 1102 διὰ
701 1071 762 1112 τὴν
782 1067 905 1103 οἰκείαν
924 1069 1047 1113 τέχνην
1070 1068 1183 1102 ἄδειαν
1206 1064 1299 1112 εἶχον
1317 1066 1461 1106 ἀπιέναι,
1484 1072 1502 1091 Χ
1516 1066 1592 1099 ὅποι
1619 1064 1659 1099 ἂν

135 1133 341 1174 βούλωνται,
361 1133 453 1167 ἀλλὰ
473 1133 513 1176 δὴ
533 1134 585 1167 καὶ
608 1134 693 1179 πρὸς
715 1132 911 1178 πολεμίους.
951 1133 1158 1168 ἀπελθόντες
1184 1130 1243 1166 οὖν
1268 1131 1362 1165 οὗτοι
1388 1131 1434 1166 εἷς
1461 1131 1521 1174 τὴν
1546 1136 1657 1164 Μακε-

136 1195 250 1231 δονίαν
277 1196 491 1241 ἐπεδείξαντο
519 1197 580 1240 τὴν
606 1196 730 1231 οἰκείαν
759 1198 892 1242 τέχνην,
921 1198 973 1231 καὶ
1001 1195 1089 1230 οὕτω
1117 1197 1343 1242 φιλοφρόνως
1370 1195 1492 1230 αὐτοὺς
1520 1195 1688 1238 ἐδέξατο5

135 1261 316 1301 Φίλιππος,
341 1260 432 1295 ὥστε
457 1262 544 1307 πρὸς
568 1264 639 1297 τοῖς
669 1261 789 1297 ἄλλοις
814 1261 966 1307 χρήμασι
993 1262 1045 1295 καὶ
1072 1260 1165 1294 ἄλλα
1189 1260 1224 1294 ἐκ
1251 1262 1317 1293 τῶν
1343 1259 1472 1293 οἰκείων
1498 1260 1660 1303 παρεῖχεν

135 1325 261 1360 αὐτοῖς.
299 1325 503 1369 αἰσθόμενος
522 1326 559 1360 δὲ
581 1328 779 1369 μελλόντων
803 1324 1059 1371 πρεσβεύεσθαι
1087 1325 1173 1369 πρὸς
1198 1324 1300 1357 αὐτὸν
1327 1323 1466 1356 Φωκέων
1493 1322 1545 1355 καὶ
1572 1326 1657 1354 Θετ-

135 1392 249 1424 ταλῶν
276 1391 329 1424 καὶ
358 1390 529 1434 Θηβαίων,
560 1390 731 1435 ἐβουλήθη
760 1392 839 1426 τοὺς
867 1389 1064 1433 Ἀθηναίους
1094 1389 1316 1433 ἐξαπατῆσαι.
1364 1388 1417 1420 καὶ
1450 1385 1573 1430 ταύτης
1600 1387 1659 1428 Τῆς
1677 1397 1710 1417 ιο

134 1454 342 1499 προφάσεως
378 1454 586 1499 δραξάμενος
619 1455 801 1493 Φίλιππος,
836 1452 996 1487 ἀπολύων
1029 1452 1276 1498 Ἀριστόδημον
1310 1452 1363 1484 καὶ
1402 1452 1656 1493 Νεοπτόλεμον,

133 1518 257 1563 ἔλεγεν
281 1518 394 1553 αὐτοῖς
420 1517 472 1552 ὅτι
501 1518 608 1562 φίλος
633 1519 700 1561 εἷμὶ
725 1518 926 1561 Ἀθηναίοις.
972 1518 1100 1559 συνέβη
1128 1516 1164 1549 δὲ
1191 1516 1295 1549 πάλιν
1322 1529 1354 1548 τι
1382 1517 1537 1548 τοιοῦτον
1562 1515 1656 1559 γενέ-

134 1581 228 1616 σθαι.
280 1580 419 1628 Φρύνων
443 1597 495 1617 τις
523 1582 698 1625 Ἀθηναῖος
722 1582 829 1616 ἀπιὼν
856 1580 1088 1625 Ὀλυμπίασιν
1113 1580 1365 1625 ἀγωνισάμενος
1393 1579 1410 1622 ἢ
1438 1579 1655 1620 θεασόμενος,
1674 1592 1709 1622 15

133 1645 297 1691 ἐκρατήθη
331 1646 396 1680 ὑπό
434 1661 533 1680 τινων
569 1649 790 1693 στρατιωτῶν
822 1649 884 1680 τοῦ
917 1644 1089 1680 Φιλίππου
1124 1645 1159 1678 ἐν
1193 1643 1376 1689 ἱερομηνίᾳ,
1413 1644 1466 1677 καὶ
1502 1643 1657 1688 ἀφῃρέθη

132 1711 242 1745 πάντα
269 1711 311 1744 τὰ
337 1711 453 1745 αὑτοῦ,
497 1712 549 1745 καὶ
575 1712 684 1746 ἐλθὼν
710 1712 757 1747 εἷς
784 1710 926 1754 Ἀθήνας
954 1710 1137 1755 παρεκάλει
1165 1709 1244 1742 τοὺς
1270 1706 1479 1751 Ἀθηναίους,
1505 1705 1560 1740 ἵνα
1587 1721 1657 1751 χει-

134 1773 373 1818 ροτονήσωσιν
392 1774 495 1808 αὐτὸν
513 1775 741 1820 πρεσβευτὴν,
764 1774 853 1810 ὅπως
872 1774 1030 1808 ἀπελθὼν
1050 1774 1134 1817 πρὸς
1154 1773 1325 1806 Φίλιππον
1347 1772 1439 1814 λάβῃ
1458 1769 1544 1815 ἅπερ
1563 1769 1654 1813 ἀφῃ-

134 1838 228 1883 ρέθη·
267 1839 321 1872 καὶ
357 1839 555 1875 πεισθέντες
591 1839 761 1884 Ἀθηναῖοι
798 1840 1060 1884 ἐχειροτόνησαν
1093 1837 1194 1871 αὐτὸν
1228 1837 1280 1870 καὶ
1315 1837 1554 1880 Κτησιφῶντα,
1604 1834 1656 1867 καὶ
1671 1845 1710 1865 20

135 1902 306 1937 ἐλθόντων
325 1903 436 1936 αὐτῶν
459 1903 507 1938 εἷς
527 1903 737 1938 Μακεδονίαν
756 1904 981 1948 φιλοφρόνως
1006 1903 1128 1937 αὐτοὺς
1155 1901 1292 1945 ἐδέξατο
1319 1902 1337 1932 ὁ
1361 1899 1544 1940 Φίλιππος,
1565 1897 1657 1931 ὥστε

137 1966 190 1999 καὶ
218 1967 260 2000 τὰ
287 1965 517 2012 ἀφαιρεθέντα
544 1967 610 2001 ὑπὸ
639 1970 706 2001 τῶν
735 1970 953 2012 στρατιωτῶν
980 1966 1088 1999 πάντα
1117 1965 1301 1999 ἀποδοῦναι
1330 1964 1419 2010 αὐτῷ
1446 1963 1499 1997 καὶ
1526 1963 1561 1996 ἐκ
1590 1965 1657 1995 τῶν

134 2030 263 2064 οἰκείων
282 2030 373 2064 &Qu
392 2031 575 2071 ἐπιδοῦναι,
597 2032 649 2065 καὶ
673 2031 921 2076 ἀπολογεῖσθαι
948 2030 999 2063 ὅτι
1027 2029 1170 2075 ἠγνόουν
1195 2030 1226 2061 οἶ
1254 2031 1461 2073 στρατιῶται
1487 2026 1538 2060 ὅτι
1567 2027 1651 2071 ἱερο-

133 2094 234 2138 μηνία
258 2094 345 2129 ἐστί.
389 2096 443 2129 καὶ
471 2094 605 2130 τούτοις
633 2096 736 2129 πάλιν
765 2095 887 2138 ὁμοίως
915 2096 1035 2139 ἔλεγεν
1060 2094 1104 2128 ὡς
1129 2094 1235 2137 φίλος
1264 2093 1330 2136 εἰμὶ
1359 2091 1558 2135 Ἀθηναίοις.
1603 2091 1655 2124 καὶ
1670 2103 1705 2132 25

132 2158 293 2194 ἐλθόντες
325 2159 372 2194 εἷς
401 2160 463 2203 τὴν
496 2161 651 2203 Ἀττικὴν
684 2161 726 2193 τὰ
759 2160 842 2193 αὐτὰ
880 2161 950 2193 τοῖς
984 2158 1108 2192 ἅλλοις
1145 2157 1367 2202 ἀπήγγειλαν.
1416 2158 1521 2189 ταῦτα
1553 2155 1652 2188 ἀκού-

134 2237 256 2258 σαντες
284 2223 454 2266 Ἀθηναῖοι
485 2222 673 2264 ἐβούλοντο
704 2224 821 2266 μαθεῖν
852 2224 881 2256 εἷ
913 2222 985 2266 μετ’
1014 2222 1170 2264 ἀληθείας
1203 2220 1334 2267 εἰρήνην
1365 2220 1460 2265 ἅγειν
1491 2220 1656 2260 βούλεται

133 2287 315 2322 Φίλιππος.
355 2287 407 2320 καὶ
433 2287 473 2330 δὴ
499 2289 738 2332 χειροτονοῦσι
764 2287 842 2320 δέκα
868 2288 1044 2331 πρέσβεις.
1085 2285 1153 2318 εἶσὶ
1177 2284 1204 2317 δ’
1227 2284 1320 2318 οὗτοι
1342 2285 1542 2328 Κτησιφῶν,
1562 2287 1653 2328 Ἀρι-
1668 2278 1749 2331 335

135 2351 318 2395 στόδημος,
351 2350 557 2396 Ἰατροκλῆς,
595 2353 719 2395 Κίμων,
756 2352 963 2393 Ναυσικλῆς,
1002 2351 1209 2394 Δέρκυλλος,
1244 2348 1395 2394 Φρύνων,
1431 2348 1652 2393 Φιλοκράτης,

136 2414 313 2460 Αἰσχίνης,
339 2415 568 2458 Δημοσθένης.
611 2416 786 2458 πέμπουσι
813 2415 848 2448 δέ
875 2413 1017 2448 τούτους
1043 2414 1090 2448 εἷς
1117 2413 1337 2451 Μακεδονίαν,
1366 2411 1419 2446 ἵνα
1447 2412 1602 2456 μάθωσιν
1626 2412 1655 2444 εἰ

135 2477 206 2522 μετ’
231 2477 390 2522 ἀληθείας
410 2477 581 2519 ’βούλεται
609 2478 741 2524 εἰρήνην
769 2479 862 2524 ἅγειν
887 2479 905 2510 ὁ
931 2478 1111 2511 Φίλιππος·
1148 2478 1200 2509 καὶ
1226 2477 1254 2509 εἷ
1279 2476 1402 2519 ἀληθές
1427 2476 1535 2513 ἐστιν,
1561 2476 1651 2520 ἐνέγ-
1668 2489 1684 2517 5

136 2557 189 2577 και
213 2542 292 2589 παρ’
310 2543 413 2577 αὐτοῦ
442 2544 607 2588 πρέσβεις
632 2543 712 2577 τοὺς
738 2543 958 2587 ληψομένους
984 2541 1062 2575 τοὺς
1088 2539 1218 2585 ὅρκους.
1262 2540 1480 2574 ἀπελθόντων
1503 2537 1563 2573 οὖν
1588 2542 1654 2572 τῶν

135 2606 213 2641 δέκα
237 2607 430 2652 πρέσβεων,
453 2603 499 2640 ὧν
519 2606 558 2650 ἧν
578 2608 629 2640 καὶ
651 2607 883 2650 Δημοσθένης,
906 2608 1033 2651 ἤγαγον
1057 2605 1123 2638 ἀπὸ
1149 2607 1210 2638 τοῦ
1233 2604 1406 2638 Φιλίππου
1431 2605 1521 2648 τρεῖς
1546 2604 1652 2648 πρέσ-

133 2673 220 2712 βεις,
241 2670 476 2717 Ἀντίπατρον,
498 2671 717 2715 Παρμενίωνα
740 2671 792 2704 καὶ
812 2669 1025 2716 Εὐρύλοχον,
1047 2668 1252 2713 ὀφείλοντας
1274 2669 1395 2708 λαβεῖν
1417 2667 1496 2702 τοὺς
1519 2666 1651 2712 ὅρκους.
1672 2680 1708 2699 10

134 2736 375 2781 συναγομένων
397 2735 434 2768 δὲ
461 2737 528 2768 τῶν
554 2736 744 2779 συμμάχων
764 2738 830 2768 τῶν
848 2733 1034 2776 Ἀθηναίων
1057 2733 1112 2767 ε’πὶ
1136 2735 1183 2779 τῷ
1210 2734 1403 2777 παρασχεῖν
1428 2732 1507 2767 τοὺς
1535 2731 1656 2777 ὅρκους

134 2800 258 2846 χρόνος
286 2799 491 2845 παρήρχετο.
533 2801 584 2833 καὶ
609 2801 785 2845 γινώσκων
810 2799 870 2843 τὴν
896 2797 1006 2843 φύσιν
1032 2800 1092 2831 τοῦ
1118 2796 1290 2830 Φιλίππου
1316 2797 1334 2828 ὁ
1362 2796 1592 2839 Δημοσθένης,
1613 2796 1655 2831 ὡς

190 2935 211 2954 ¹¹
237 2929 317 2962 Hoc
343 2934 551 2973 argumento
571 2935 689 2962 carent
710 2929 846 2963 codices
871 2940 889 2961 a
912 2927 1054 2961 Reiskio
1074 2932 1108 2960 et
1130 2927 1292 2960 Bekkero
1312 2927 1462 2959 tractati.
1513 2925 1653 2959 Habent

136 2982 208 3023 alii,
229 2982 272 3016 ab
291 2981 442 3027 Tayloro
462 2982 622 3027 inspecti.
734 2987 753 3005 Χ
775 2982 853 3015 ὅποι
875 2981 1083 3015 sehaeferus.
1120 2980 1319 3025 Legebatur
1340 2978 1436 3012 ὅπου.

197 3057 293 3084 VOL.
322 3056 347 3081 Ι.
887 3058 906 3081 Ζ
932 3058 951 3082 Ζ
