1930 3266
64 194 115 235 26

37 385 114 438 148

38 1083 110 1124 ¹49

30 1747 108 1789 150

27 2232 99 2274 151

119 195 157 241 6,
180 208 233 232 ω.
585 194 711 231 ΠΕΡΙ
741 194 852 230 TOT
881 194 1186 232 ΣΤΕΦΑΝΟΥ.
1557 195 1641 238 279

606 318 835 359 ETEPON
869 319 1159 360 WthlEMA.

240 389 341 429 Εἳπε
369 390 548 430 Καλλίας
575 389 828 441 ΕΦρεάρριος,
855 389 1104 441 ἵπρυτάνεων
1133 390 1334 441 λεγόντων
1363 393 1514 440 βουλῆς
1539 392 1638 443 γνώ-

180 473 245 511 μῃ,
278 455 408 505 ἐπειδὴ
436 457 656 506 Χαρίδημος
686 457 706 495 ὁ
739 455 801 496 ἐπὶ
831 459 907 495 τῶν
937 457 1120 502 ὁπλιτῶν,
1152 457 1391 499 ἀποσταλεὶς
1423 459 1476 498 εἰς
1507 461 1637 498 Σαλα-

179 528 286 574 μῖνα,
320 523 381 562 καὶ
413 524 595 573 Διότιμος
627 525 647 563 ὁ
678 530 697 547 ¹¹
713 524 775 563 ἐπὶ
810 527 886 563 τῶν
918 523 1078 569 ἱππέων,
1113 524 1156 562 ἐν
1188 525 1231 578 τῇ
1265 524 1327 563 ε’πὶ
1360 527 1427 563 τοῦ
1462 528 1635 574 ποταμοῦ
1651 537 1691 558 20

178 589 283 642 μάχῃ
308 594 384 629 τῶν
411 594 656 641 στρατιωτῶν
683 594 797 630 τινῶν
824 591 898 631 ὑπὸ
930 594 1006 630 τῶν
1034 591 1232 641 πολεμίων
1262 590 1569 636 σκυλευθέντων,
1595 591 1637 630 ἐκ

179 661 255 697 τῶν
285 658 390 696 ἰδίων
422 656 689 707 ἀναλωμάτων
721 658 976 697 καθώπλισαν
1006 658 1092 699 τοὺς
1123 658 1351 699 νεανίσκους
1382 658 1546 697 ἀσπίσιν
1574 658 1637 697 ὀκ-

180 724 391 771 τακοσίαις,
421 725 604 776 δεδόχθαι
635 725 680 778 τῇ
710 726 838 775 βουλῇ
871 725 931 764 καὶ
964 725 1016 778 τῷ
1048 724 1152 779 δήμῳ
1184 729 1438 776 στεφανῶσαι
1468 726 1636 775 Χαρίδη-

177 807 252 841 μον
283 791 346 830 καὶ
377 792 564 840 Διότιμον
594 792 726 845 χρυσῷ
759 791 956 844 στεφάνῳ,
991 792 1052 831 καὶ
1086 792 1351 843 ἀναγορεῦσαι
1382 793 1635 842 Παναθηναί-
1649 802 1688 835 ²5

180 873 237 899 οις
263 861 342 899 τοῖς
369 857 558 909 μεγάλοις
587 859 629 897 ἐν
657 861 707 912 τῷ
738 862 906 912 γυμνικῷ
934 860 1055 910 ἀγῶνι
1087 859 1149 898 καὶ
1175 860 1400 900 Διονυσίοις
1425 863 1636 913 τραγῳδοῖς

179 928 334 965 καινοῖς·
375 926 440 973 τῆς
476 924 517 963 δὲ
553 925 849 976 ἀναγορεύσεως
887 926 1167 975 ἐπιμεληθῆναι
1203 924 1456 975 θεσμοθέτας,
1493 925 1636 976 πρυτά-
1652 922 1732 962 266

180 1007 269 1036 νεις,
293 991 552 1042 ἀγωνοθέτας.

196 1068 390 1118 Τούτων
435 1065 646 1129 ἕκαστος,
688 1070 907 1135 Αἰσχίνη,
950 1072 1032 1132 τῆς
1076 1069 1161 1132 μὲν
1206 1071 1352 1136 ἀρχῆς
1398 1070 1451 1133 ἧς
1493 1068 1636 1137 ἦρχεν

123 1151 374 1204 ὑπεύθυνος
423 1150 493 1215 ἦν,
536 1152 608 1219 ἐφ’
651 1151 716 1205 οἷς
767 1154 804 1202 δ’
846 1154 1178 1220 ἐστεφανοῦτο,
1224 1154 1311 1219 οὐχ
1361 1152 1630 1206 ὑπεύθυνος.

121 1237 285 1285 οὐκοῦν
323 1236 416 1285 οὐδ’
457 1235 565 1299 ἐγώ·
620 1234 766 1285 ταῦτα
804 1235 897 1301 γὰρ
936 1236 1088 1286 δίκαιοί
1130 1237 1237 1286 ἐστι’
1276 1259 1355 1299 μοι
1396 1239 1502 1302 περὶ
1540 1242 1662 1289 τῶνε

120 1319 272 1368 αὐτῶν
296 1322 390 1371 τοῖς
416 1318 583 1370 ἄλλοις
610 1318 773 1382 δήπου.
824 1319 1060 1378 ἐπε’δωκα;
1097 1321 1399 1381 Χέπαινοῦμαι
1425 1318 1500 1369 διὰ
1524 1325 1634 1370 ταῦ-

119 1425 191 1464 τα,
219 1402 302 1452 οὐκ
332 1401 396 1451 ὧν
422 1400 513 1451 Υῶν
539 1402 745 1452 ἐπέδωκα
778 1403 1043 1455 ὑπεύθυνος.
1101 1401 1246 1468 ἧρχον
1269 1423 1280 1462 ;
1326 1404 1399 1451 καὶ
1426 1401 1636 1451 Ζδέδωκά

120 1491 204 1551 ἃγε
242 1485 435 1538 εὐθύνας
468 1487 665 1547 ἐκείνων,
693 1486 779 1552 οὐχ
805 1482 870 1535 ὧν
896 1485 1116 1536 ἐπέδωκα.
1176 1484 1230 1547 νὴ
1264 1486 1361 1547 Δί’,
1387 1486 1498 1534 ἀλλ’
1527 1485 1627 1534 ἀδί-

1550 1566 1569 1593 b

121 1590 212 1621 κως
242 1567 400 1636 ἦρξα,
444 1567 542 1619 εἶτα
574 1569 750 1634 παρὼν,
779 1568 853 1619 ὅτε
888 1590 945 1631 με
979 1571 1173 1633 εἰσῆγον
1209 1571 1249 1618 οὶ
1286 1569 1524 1633 λογισταῖ,
1580 1569 1633 1617 οὐ

121 1651 388 1718 κατηγόρεις
410 1674 422 1713 ;

186 1734 291 1785 Ἵνα
328 1737 482 1786 τοίνυν
516 1739 690 1798 οεῖδῆτε
730 1735 799 1786 ὅτι
838 1734 975 1789 αὐτὸς
1010 1735 1144 1789 οὗτός
1182 1758 1260 1798 μοι
1298 1739 1526 1801 μαρτυρεῖ
1558 1736 1629 1803 ἐφ’
1649 1759 1688 1779 10

119 1817 185 1871 οἷς
218 1820 304 1885 οὐχ
335 1819 587 1872 ὑπεύθυνος
618 1819 675 1883 ἧν
701 1821 1077 1887 ἐστεφανῶσθαι,
1106 1818 1272 1879 λαβὼν
1305 1817 1542 1883 ἀνάγνωθι
1579 1817 1633 1868 τὸ

117 1901 354 1970 ψήφισμα
400 1902 514 1952 ὅλον
552 1901 606 1953 τὸ
644 1903 829 1970 γραφέν
875 1926 966 1965 μοι.
1032 1901 1097 1956 οἷς
1136 1902 1229 1968 γὰρ
1267 1903 1349 1952 οὐκ
1388 1900 1634 1969 ἐγράψατο

118 1991 201 2036 τοῦ
259 1986 691 2051 προβουλεύματος,
742 1985 935 2048 τούτοις,
987 1983 1017 2036 ἃ
1068 1985 1231 2047 διώκει,
1283 1984 1634 2053 ἀσυκοφαντῶν

119 2068 398 2136 φανήσεται.
452 2070 577 2133 λε’γε.

728 2158 1002 2199 ΨΗΦΙΣΜΑ
1011 2192 1019 2199 .
1648 2171 1684 2204 15

233 2226 351 2267 ΘἘπὶ
378 2227 568 2279 ἄρχοντος
593 2227 850 2276 Εὐθυκλέους,
873 2232 1148 2280 πυανεψιῶνος
1174 2227 1317 2282 ἷένάτῃ
1344 2228 1537 2274 ἀπιόντος,
1561 2233 1633 2280 φυ-

175 2296 245 2343 λῆς
280 2295 591 2345 πρυτανευούσης
625 2293 822 2344 Οἰνηΐδος,
858 2298 1072 2346 Κτησιφῶν
1107 2294 1395 2335 ἕΛεωο-θένους
1432 2293 1633 2345 Ἀναφλύ-

176 2377 283 2402 στιος
307 2360 427 2407 εἶπεν,
452 2361 582 2410 ἐπειδὴ
607 2363 862 2411 Δημοσθένης
884 2361 1164 2411 Δημοσθένους
1185 2360 1397 2402 Παιανιεὺς
1419 2361 1633 2412 γενόμενος

176 2428 408 2478 ἐπιμελητὴς
438 2430 504 2477 τῆς
533 2432 609 2467 τῶν
639 2432 779 2481 τειχῶν
811 2429 1017 2478 ἐπισκευῆς
1050 2429 1111 2468 καὶ
1144 2429 1461 2479 προσαναλώσας
1499 2430 1552 2469 εἰς
1583 2429 1630 2468 τὰ
1646 2446 1686 2467 20

176 2494 272 2546 ἔργα
297 2495 372 2534 ἀπὸ
395 2497 460 2544 τῆς
485 2496 582 2536 ἰδίας
603 2495 738 2537 οὐσίας
762 2497 848 2547 τρία
878 2495 1054 2535 τάλαντα
1083 2495 1252 2535 ἐπέδωκε
1282 2498 1402 2535 ταῦτα
1430 2497 1481 2549 τῷ
1511 2494 1629 2548 δήμῳ,

173 2562 235 2601 καὶ
265 2562 327 2601 ἐπὶ
355 2565 421 2602 τοῦ
449 2565 634 2614 θεωρικοῦ
661 2563 918 2604 κατασταθεὶς
944 2563 1113 2603 ἐπέδωκε
1136 2566 1217 2604 τοῖς
1240 2563 1280 2602 ἐκ
1301 2566 1440 2602 πασῶν
1460 2566 1537 2602 τῶν
1559 2568 1631 2615 φυ-

170 2719 185 2738 S
206 2714 404 2760 φρεάρριος]
429 2715 609 2760 φερεάριος
627 2727 661 2760 p.
763 2712 778 2739 t
796 2714 1006 2760 πρυτάνεων]
1029 2715 1221 2760 πρυτάνεως
1242 2714 1343 2748 S.1·.v.
1448 2719 1470 2738 ¹²
1491 2713 1545 2747 ἐπὶ
1563 2716 1631 2747 τῶν

117 2766 243 2800 ἱππέων
262 2767 296 2800 ἐν
314 2769 355 2810 τῇ
376 2779 445 2801 om.
460 2768 505 2802 Ο.
578 2773 597 2791 X
618 2767 833 2813 ἐπαινοῦμαι]
859 2767 911 2800 καὶ
931 2770 1127 2810 ἐπαινοῦμαι
1147 2767 1294 2801 O.t.u.v.
1316 2772 1351 2801 et
1369 2781 1424 2812 γρ.
1446 2778 1473 2800 S.
1544 2772 1562 2800 Y
1584 2762 1630 2800 ὧν

117 2818 281 2865 ἐπέδωκα]
306 2815 351 2853 ὧν
369 2820 474 2854 ἔδωκα
494 2821 539 2859 Q.
560 2826 596 2855 et
613 2833 666 2866 pr.
689 2820 726 2854 S.
855 2825 872 2844 Ζ
893 2819 1038 2866 δέδωκά]
1063 2821 1168 2854 ἔδωκα
1188 2832 1253 2865 p.1·.
1367 2825 1386 2844 a
1403 2834 1444 2864 γε
1463 2831 1533 2854 om.
1550 2819 1627 2854 Y.S.

116 2867 134 2895 b
156 2871 212 2917 οὐ]
237 2873 292 2906 διὰ
311 2873 345 2906 τί
363 2874 402 2907 οὗ
421 2879 522 2909 t.u.v.
661 2878 677 2898 ⁰
697 2871 823 2917 εἰδῆτε]
846 2873 937 2915 ιδῆτε
959 2873 994 2906 S.
1132 2869 1151 2897 d
1171 2873 1397 2916 συκοφαντῶν
1417 2871 1624 2918 φανήσεται]

118 2924 307 2968 φανήσεται
327 2927 552 2970 συκοφαντῶν
573 2926 613 2960 Y.
671 2932 687 2951 e
708 2926 915 2971 Psephisma
934 2937 1003 2959 om.
1019 2926 1060 2960 A.
1117 2922 1132 2950 f
1149 2925 1266 2972 ἐνάτῃ]
1292 2925 1409 2967 ε’ννάτῃ
1430 2925 1627 2971 F.O.p.r.u.

119 2983 140 3012 g
160 2978 391 3024 Λεωσθένους]
413 2980 619 3014 λεοσθένους
638 2985 665 3013 t.
