1930 3266
55 193 149 234 245,
170 196 221 220 11.
573 185 699 222 ΠΕΡΙ
730 184 840 222 ΤΟΎ
870 184 1177 222 ΣΤΕΦΑΝΟΥ.
1553 185 1637 226 257

115 315 262 358 γοντα
299 292 358 342 τὰ
393 292 628 354 βέλτιστά
665 299 755 356 ομε
795 297 861 362 τῷ
897 292 1030 363 δήμῳ
1069 297 1296 344 διατελεῖν
1336 297 1412 345 καὶ
1451 293 1629 360 πρόθυ-

113 398 204 439 μον
239 373 352 426 εἶναι
388 381 535 426 ποιεῖν
574 376 598 426 ὅ
636 399 681 426 τι
716 374 810 426 Ράν
845 376 1052 438 δύνωμαι
1089 376 1282 441 ἀγαθὸν,
1319 379 1394 427 καὶ
1433 380 1634 428 ἐπαινεῖν

112 461 185 510 ἐπὶ
230 459 424 521 τούτοις,
465 461 512 509 ἐν
557 465 654 512 τοῖς
694 459 1105 522 πεπολιτευμένοις
1151 459 1237 523 τὴν
1282 460 1438 526 κρίσιν
1482 458 1683 513 Ἶεῖναιιε

113 542 296 607 νομίζω·
340 541 434 593 ἀπὸ
469 542 562 608 γὰρ
596 542 773 593 τούτων
809 541 1145 610 ἐξεταζομένων
1176 543 1505 609 Γεὺρεθήσεται
1543 543 1630 594 εἴτε

112 627 266 688 ἀληθῆ
301 627 407 691 περὶ
442 627 554 687 ἐμοῦ
588 626 800 692 γέγραφε
838 629 1106 693 Κτησιφῶν
1138 631 1286 675 ταῦτα
1324 627 1400 675 καὶ
1437 626 1623 690 προσή-

0 747 2 800 R
45 728 93 770 71
111 730 252 758 κοντα
290 708 376 758 ε’ίτε
418 711 492 759 καὶ
531 712 698 776 ψευδῆ·
750 709 803 759 τὸ
843 708 892 758 δὲ
929 708 994 772 μὴ
1032 708 1423 776 προσγράψαντα
1461 711 1624 759 “ε’πει-

0 806 1 867 ᾧ
110 797 139 819 “
163 790 248 841 δᾶν
286 790 368 843 τὰς
413 790 605 844 εὐθύνας
644 795 740 860 δεξί’
781 796 1063 859 στεφανοῦν,
1105 793 1179 841 καὶ
1228 793 1428 842 ἀνειπεῖν
1473 793 1521 841 ἐν
1564 795 1631 861 τῷ

0 878 1 882 ’
109 871 287 942 θεάτρῳ
325 873 438 924 8τὸν
475 873 716 942 στέφανον
754 880 987 936 κελεῦσαι,
1027 880 1257 925 κοινωνεῖν
1301 873 1386 938 μὲν
1425 875 1684 940 ἡγοῦμαιῑο

109 959 183 1007 καὶ
219 963 355 1008 τοῦτο
394 963 489 1011 τοῖς
528 958 948 1020 πεπολιτευμένοις,
978 958 1066 1008 εἴτε
1092 957 1247 1026 ῖὸίξιός
1279 962 1369 1021 εἶμι
1399 964 1482 1008 τοῦ
1515 981 1626 1010 στε-

109 1040 262 1108 φάνου
300 1044 376 1091 καὶ
413 1045 496 1104 τῆς
532 1041 834 1108 ἀναρρήσεως
863 1045 975 1104 υτῆς
1010 1043 1057 1092 ἐν
1090 1041 1269 1095 τούτοις
1303 1042 1390 1092 εἴτε
1416 1046 1523 1093 Χκαὶ
1548 1042 1627 1107 μὴ,

108 1124 174 1175 ἔτι
211 1124 369 1187 μέντοι
404 1127 479 1174 καὶ
520 1124 627 1178 τοὺς
662 1124 830 1188 νόμους
867 1125 1067 1176 δεικτέον
1100 1123 1218 1176 εἶναι’
1251 1149 1330 1189 μοι
1362 1128 1498 1189 δοκεῖ,
1525 1127 1625 1177 καθ’

109 1207 186 1261 οὓς
224 1213 370 1258 ταῦτα
405 1207 606 1276 γράφειν
644 1209 756 1276 ἐξῆν
795 1207 961 1276 τούτῳ.
1015 1210 1190 1258 οὑτωσὶ
1227 1208 1326 1271 μὲν,
1358 1207 1395 1258 (ἶ)
1432 1209 1629 1275 Υόίνδρες

108 1292 361 1355 Ἀθηναῖοι,
414 1293 597 1344 δικαίως
649 1294 724 1342 καὶ
780 1293 946 1345 ἁπλῶς
996 1292 1080 1356 τὴν
1132 1294 1396 1357 ἀπολογίαν
1447 1293 1628 1359 ἔγνωκα
1642 1316 1679 1347 25

45 1379 388 1436 72²7rot6206a½
419 1379 671 1438 βαδιοῦμαι
708 1375 751 1425 δ’
782 1376 850 1426 ἐπ’
880 1374 998 1424 αὐτὰ
1033 1375 1063 1425 ἃ
1099 1375 1367 1441 πέπρακταί
1400 1399 1494 1439 μοι.
1552 1378 1633 1427 καί

423 1457 442 1484 b

108 1464 190 1521 8με
227 1461 384 1521 μηδεὶς
455 1458 678 1525 ὑπολάβῃ
717 1461 957 1523 Οάπαρτᾶν
995 1457 1078 1508 τὸν
1117 1458 1265 1523 λόγον
1302 1462 1384 1522 τῆς
1423 1462 1625 1528 γραφῆς,

106 1540 186 1591 ἐὰν
222 1546 283 1595 εἰς
320 1541 610 1604 Ἑλληνικὰς
648 1542 843 1610 πράξεις
881 1544 957 1592 καὶ
999 1543 1172 1607 λόγους
1213 1542 1419 1606 ἐμπέσω·
1469 1545 1494 1593 ὁ
1533 1543 1626 1610 γὰρ

107 1624 285 1675 διώκων
330 1631 412 1675 τοῦ
463 1627 782 1693 ψηφίσματος
827 1625 916 1676 (Ῑτὸ
967 1625 1122 1691 λέγειν
1172 1629 1247 1677 καὶ
1297 1625 1519 1693 πράττειν
1565 1626 1624 1677 τὰ
1641 1648 1719 1690 245

104 1707 276 1774 ἄριστά
313 1731 370 1771 με
408 1711 484 1758 καὶ
522 1708 845 1774 γεγραμμένος
882 1715 1029 1760 ταῦτα
1068 1712 1129 1762 ὡς
1169 1711 1251 1760 οὐκ
1287 1712 1457 1773 ἀληθῆ,
1490 1710 1623 1765 οὗτός

1190 1792 1205 1819 f

104 1792 234 1841 ἐστιν
276 1793 301 1842 ὁ
340 1791 446 1845 τοὺς
484 1794 589 1857 περὶ
628 1799 643 1819 e
661 1792 883 1843 ἁπάντων
921 1798 1015 1843 τῶν
1053 1795 1152 1857 ἐμοὶ
1218 1795 1623 1858 πεπολιτευμένων

103 1873 277 1940 λόγους
328 1876 517 1928 οἰκείους
568 1878 644 1925 καὶ
694 1876 974 1941 ἀναγκαίους
1023 1880 1081 1944 τῇ
1129 1881 1294 1945 γραφῇ
1338 1878 1617 1942 πεποιηκώς.

103 1955 201 2008 εἶτα
238 1959 314 2008 καὶ
352 1962 552 2009 πολλῶν
590 1958 912 2024 προαιρέσεων
949 1960 1107 2009 οὐσῶν
1145 1963 1227 2023 τῆς
1264 1962 1503 2014 πολιτείας
1537 1960 1651 2025 τὴν5

102 2044 206 2107 περὶ
244 2042 327 2095 τὰς
359 2041 648 2106 Ἑλληνικὰς
680 2041 876 2111 πράξεις
907 2041 1100 2108 εἱλόμην
1132 2043 1237 2109 ε’γώ,
1269 2043 1393 2095 ὥστε
1429 2047 1504 2095 καὶ
1538 2044 1622 2100 τὰς

102 2125 359 2193 ἀποδείξεις
385 2127 435 2175 ἐκ
461 2125 639 2176 τούτων
666 2125 836 2179 δίκαιός
865 2131 955 2189 εἶμι
980 2132 1229 2179 ποιεῖσθαι.

38 2213 88 2258 73
166 2206 230 2258 ὁΑ
267 2207 352 2271 μὲν
385 2209 466 2259 οὖν
499 2207 592 2273 πρὸ
625 2214 708 2259 τοῦ
745 2209 1080 2261 πολιτεύεσθαι
1119 2213 1192 2261 καὶ
1229 2215 1509 2278 δημηγορεῖν
1542 2213 1619 2276 ἐμὲ

98 2293 343 2357 προῦλαβε
376 2295 451 2342 καὶ
487 2292 689 2359 κατέσχε
717 2293 971 2355 Φίλιππος,
998 2293 1142 2344 ἐάσω·
1185 2295 1314 2345 οὐδὲν
1344 2294 1438 2361 γὰρ
1469 2296 1611 2361 ἡγοῦ·
1633 2319 1671 2341 10

98 2397 182 2437 μαι
211 2375 388 2426 τούτων
420 2373 534 2426 εἶναι
568 2375 686 2442 πρὸς
721 2376 815 2438 ἐμέ·
859 2374 889 2427 ἃ
913 2378 951 2427 δ’
980 2379 1059 2446 ἀφ’
1088 2378 1142 2442 ἧς
1168 2379 1342 2444 ἡμέρας
1368 2380 1442 2431 ἐπὶ
1469 2386 1617 2430 ταῦτα

152 2548 170 2568 0
189 2558 230 2586 με
249 2550 329 2590 post
348 2545 540 2589 πράττοντα
560 2546 659 2591 ponit
679 2558 713 2591 p.
744 2552 825 2591 post
844 2545 990 2592 λέγοντα
1009 2546 1122 2580 A.k.s.
1228 2551 1247 2579 P
1266 2544 1307 2580 ἂν
1327 2545 1491 2592 δύνωμαι]
1517 2546 1615 2580 δύνα-

97 2609 156 2639 μαι
177 2596 213 2631 S.
330 2603 349 2631 q
370 2595 468 2644 εἶναι]
493 2595 577 2632 εἶναι’
595 2613 651 2642 μοι
671 2599 855 2644 A.k.p.r.S.
967 2605 982 2623 Γ
1002 2598 1237 2644 εὑρεθήσεται]
1262 2600 1424 2643 εὑρήσετε
1443 2600 1486 2634 A.
1518 2599 1614 2644 εὑρή-

99 2661 195 2682 σεται
213 2650 249 2683 k.
270 2656 305 2684 et
325 2663 376 2696 pr.
397 2663 424 2685 r.
534 2657 548 2676 S
569 2653 628 2685 τὸν
648 2653 821 2695 στέφανον
841 2653 998 2685 κελεῦσαι
1020 2652 1244 2697 S.Y.k.p.r.s.
1276 2654 1435 2685 κελεῦσαι
1453 2653 1513 2686 τὸν
1533 2652 1612 2686 στέ-

98 2702 207 2746 φανον
225 2704 342 2749 vulgo.
458 2704 472 2730 t
491 2704 585 2749 ἄξιός
605 2705 688 2751 εἶμι]
715 2705 781 2749 εἰμὶ
801 2704 894 2749 ἄξιος
913 2705 1027 2751 Y.p.1·.
1140 2710 1161 2729 1¹
1179 2706 1239 2748 τῆς
1259 2705 1294 2738 ἐν
1313 2704 1462 2751 τούτοις]
1487 2707 1559 2740 τοῖς
1578 2705 1614 2739 ἐν

97 2753 230 2791 τούτοις
248 2768 277 2792 r.
300 2769 370 2792 om.
388 2758 430 2792 Y.
453 2764 487 2792 et
506 2773 561 2803 γρ.
584 2758 628 2796 Q.
754 2763 772 2783 x
794 2758 847 2791 καὶ
867 2769 937 2793 om.
957 2758 1148 2792 A.Y.k.r.s.
1170 2763 1205 2792 et
1224 2773 1280 2804 γρ.
1302 2758 1345 2796 Q.
1457 2764 1477 2792 y
1495 2758 1613 2803 ἄνδρες

98 2818 167 2842 om.
187 2821 221 2854 p.
331 2816 349 2835 Ζ
369 2811 557 2857 ποιεῖσθαι]
578 2811 732 2845 ποιεῖσθε
755 2811 790 2845 S.
914 2816 932 2835 a
951 2810 1008 2856 με]
1031 2825 1088 2855 μοι
1109 2811 1189 2845 O.u.
1312 2808 1331 2835 b
1353 2811 1510 2854 ὑπολάβῃ
1531 2817 1612 2857 post

96 2862 232 2906 γραφῆς
248 2869 385 2908 ponunt
405 2877 468 2910 p.r.
499 2864 669 2905 ὑπολάβοι
688 2865 725 2899 k.
837 2869 853 2888 0
872 2863 1041 2910 ἀπαρτᾶν]
1066 2864 1196 2898 ἀπατᾶν
1217 2864 1259 2898 Ο.
1373 2860 1392 2889 d
1411 2864 1468 2910 τὸ]
1494 2867 1555 2898 τοῦ
1575 2877 1610 2911 p.

98 2917 114 2937 e
132 2913 304 2962 ἁπάντων]
330 2917 463 2951 πάντων
482 2919 561 2951 A.k.
784 2914 799 2941 f
814 2918 1110 2961 πεπολιτευμένων
1132 2917 1215 2952 S.O.
1246 2919 1538 2962 πεπολιτευμένων
1559 2919 1610 2952 καὶ

96 2969 338 3014 πεπραγμένων
356 2971 473 3016 vulgO.

155 3042 252 3069 v01„
276 3044 305 3070 1.
823 3046 846 3071 L
870 3031 881 3070 l
