1882 3250
245 204 299 241 42
795 201 1221 241 ΔΗΜΟΣΘΕΝΟὙΣ
1444 198 1525 238 on.
1551 197 1643 238 111.
1664 212 1702 250 p.
1719 205 1790 250 37,
1808 210 1823 241 7

241 318 407 383 ψωσιν
434 315 573 377 οὗτοι,
601 316 676 366 καὶ
710 313 764 364 τὸ
790 313 981 364 πάντων
1017 311 1374 377 ῑάνδρειὸτατον,
1401 313 1497 361 τῶν
1530 308 1763 375 ὑμετέρων

177 400 396 466 36αὐτῶν
446 398 584 466 χάριν
635 396 1025 464 8προσοφείλετε.
1082 398 1124 445 οἱ
1174 396 1210 445 δ’
1257 396 1304 444 ἐν
1349 394 1465 460 αὐτῇ
1516 397 1575 460 τῇ
1625 392 1763 443 πόλει

243 483 570 551 καθείρξαντες
610 481 756 545 ὴὺμᾶς
795 479 1055 544 ἐπάγουσιν
1097 479 1171 529 ἐπὶ
1211 482 1360 528 ταῦτα
1402 479 1476 527 καὶ
1520 474 1760 527 ἰτιθασεύ-
1864 477 1870 564 ⁵

244 587 351 615 ουσι
390 564 643 631 χειροήθεις
673 566 829 616 αὐτοῖς
866 567 1122 614 ποιοῦντες.
1166 561 1269 611 ε”στι
1303 562 1339 610 δ’
1371 560 1594 622 οὐδέποτ’,
1620 557 1758 621 οἶμαι,
1777 587 1814 608 ιο

245 645 390 711 ι(με’γα
441 649 517 696 καὶ
561 645 770 696 νεανικὸν
823 643 1045 712 φρόνημα
1086 647 1254 704 λαβεῖν
1295 640 1439 707 μικρὰ
1479 641 1554 691 καὶ
1598 644 1763 706 φαῦλα

246 728 553 795 πράττοντας·
613 729 736 779 ὁποῖ’
781 726 916 778 1οἷττα
954 725 1047 792 γὰρ
1091 725 1149 776 ἂν
1190 725 1250 776 τὰ
1289 724 1632 787 ἐπιτηδεύματα
1668 726 1763 772 τῶν

246 814 508 880 ἀνθρώπων
559 811 603 880 ᾗ,
649 819 859 863 τοιοῦτον
903 809 1085 875 ἀνάγκη
1129 811 1204 860 καὶ
1254 808 1308 860 τὸ
1361 808 1580 877 φρόνημα
1629 806 1762 873 ἔχειν.

175 903 392 958 37ταῦτα
425 897 492 960 μὰ
522 896 609 960 τὴν
643 896 917 959 11ἹΔήμητρα
952 895 1034 944 οὐκ
1071 892 1130 944 ἂν
1165 890 1472 956 θαυμάσαιμι,
1498 895 1535 941 εἰ
1570 889 1762 956 “μει’ζων

245 980 420 1031 εἰπόντι
456 982 557 1043 ἐμοὶ
595 979 774 1044 γένοιτο
810 979 942 1042 Οπαρ’
982 979 1110 1040 ὑμῶν
1145 975 1311 1039 βλάβη
1345 979 1467 1025 Ρτῶν
1503 971 1755 1037 πεποιηκό-
1777 991 1812 1024 ¹5

245 1088 339 1115 των
365 1062 483 1114 αὐτὰ
507 1063 744 1128 γενέσθαι·
788 1059 891 1112 οὐδὲ
916 1059 1010 1125 γὰρ
1048 1060 1293 1125 παρρησία
1322 1060 1428 1124 περὶ
1452 1056 1643 1109 πάντων
1668 1057 1765 1106 ίἶάεὶ

244 1149 352 1212 παρ’
393 1149 524 1211 Γὺμῖν
567 1147 712 1207 ἐστιν,
745 1146 854 1195 ἀλλ’
897 1144 1046 1209 ε”γωγε
1086 1143 1157 1194 ὅτι
1198 1145 1274 1193 καὶ
1315 1148 1398 1193 νῦν
1435 1141 1600 1208 γε’γονε
1643 1146 1761 1194 θαυ-

243 1231 387 1297 μάξω.

176 1327 230 1381 38
317 1312 435 1365 Ἐὰν
470 1314 551 1364 οὖν
585 1311 738 1363 ἓάλλά
773 1318 854 1362 νῦν
890 1316 931 1376 γ’
966 1311 1031 1361 ε”τι
1071 1309 1428 1375 ἀπαλλαγέντες
1458 1309 1636 1361 τούτων
1669 1314 1765 1361 τῶν

244 1400 362 1450 ἐθῶν
403 1396 661 1461 ἐθελήσητε
712 1395 1061 1460 στρατεύεσθαί
1106 1394 1177 1444 ἵτε
1229 1397 1304 1444 καὶ
1348 1392 1571 1459 πράττειν
1621 1393 1763 1462 ἀξίως
1777 1419 1817 1440 20

245 1483 374 1545 ὑμῶν
426 1482 592 1541 αὐτῶν,
645 1483 719 1530 καὶ
769 1484 869 1532 ταῖς
925 1478 1214 1544 περιουσίαις
1263 1482 1363 1530 ταῖς
1412 1476 1526 1528 οἴκοι
1576 1478 1765 1531 ταύταις

1204 1566 1225 1584 u

245 1565 480 1631 ἀφορμαῖς
514 1563 587 1612 ἐπὶ
618 1561 678 1612 τὰ
714 1561 804 1629 ἔξω
844 1565 938 1611 τῶν
976 1563 1167 1626 ἀγαθῶν
1233 1558 1501 1626 χρήσησθε,
1539 1559 1656 1612 ἴσως
1690 1558 1764 1617 ἂν,

244 1646 404 1704 Ῑῖσως,
434 1644 470 1696 ὦ
497 1644 660 1711 ἄνδρες
680 1647 934 1708 Ἀθηναῖοι,
955 1641 1135 1694 τέλειόν
1160 1665 1204 1693 τι
1229 1644 1305 1692 καὶ
1329 1641 1452 1707 μέγα
1476 1642 1764 1706 Ῡκτήσαισθε

176 1750 231 1791 39
245 1729 438 1796 ἀγαθὸν,
484 1731 559 1779 καὶ
610 1733 704 1778 τῶν
748 1728 971 1778 τοιούτων
1015 1725 1277 1790 λημμάτων
1321 1726 1686 1791 ἀπαλλαγείητε,
1732 1723 1763 1776 ἃ

245 1818 340 1866 τοῖς
367 1815 625 1863 ἀσθενοῦσι
662 1809 793 1876 παρὰ
817 1814 912 1860 τῶν
939 1814 1110 1875 ἰατρῶν
1136 1810 1302 1862 σιτίοις
1333 1809 1586 1871 διδομένοις
1624 1809 1757 1860 ἔοικε.
1774 1837 1812 1868 ²5

245 1897 321 1945 καὶ
346 1894 440 1960 γὰρ
474 1897 646 1945 Ζἐκεῖνα
677 1895 769 1943 οὔτ’
799 1892 939 1959 ἰσχὺν
964 1893 1201 1956 ἐντίθησιν
1228 1893 1319 1942 οὔτ’
1348 1892 1664 1956 ἀποθνήσκειν
1689 1895 1759 1961 ἐᾷ·

245 1981 321 2029 καὶ
344 1983 505 2040 ταῦτα,
532 1975 563 2028 ἃ
588 1977 784 2040 νέμεσθε
814 1982 896 2026 νῦν
933 1977 1071 2038 ὑμεῖς,
1099 1977 1204 2026 οὔτε
1240 1974 1454 2026 τοσαῦτά
1483 1980 1615 2026 ἐστιν
1639 1975 1764 2027 ὥστε

244 2062 502 2129 Βώφέλειαν
543 2060 664 2127 ἔχειν
703 2058 807 2109 τινὰ
853 2061 1030 2125 διαρκῆ,
1073 2059 1165 2109 οὔτ’
1210 2057 1505 2123 ἀπογνόντας
1548 2058 1675 2110 ἄλλο
1719 2082 1764 2109 τι

243 2149 466 2217 πράττειν
515 2152 580 2218 ἐᾷ,
625 2150 736 2199 ἀλλ’
790 2149 893 2199 ἔστι
945 2152 1094 2199 ταῦτα
1143 2146 1229 2212 τὴν
1279 2147 1483 2198 ἑκάστου
1532 2149 1764 2217 ῥᾳθυμίαν

299 2289 315 2317 f
339 2291 576 2337 ἀνδρειότατον
597 2291 632 2326 S.
661 2306 717 2337 γρ.
738 2291 976 2336 ἀνδρειότατον
996 2292 1173 2337 εἰρωνικῶς
1195 2291 1280 2325 B.F.
1330 2291 1531 2337 Legebatur
1558 2292 1762 2338 ἀνανδρότα-

244 2359 315 2379 Ιιὀν.
363 2345 444 2380 Hoc
463 2350 498 2378 et
516 2342 633 2385 βοΐδια
651 2344 688 2378 in
707 2359 764 2391 γρ.
786 2345 892 2378 habet
914 2345 950 2379 S.
973 2357 993 2378 a
1011 2357 1059 2379 m.
1081 2344 1332 2380 recentissima,
1443 2351 1464 2379 g
1483 2347 1758 2393 προσοφείλετε]

245 2429 509 2479 προσωφείλετε
531 2431 565 2464 S.
666 2428 688 2455 h
709 2431 810 2478 ὑμᾶς]
833 2407 918 2475 ημᾶς
938 2431 1022 2465 B.F.
1053 2431 1137 2474 ἡμᾶς
1157 2432 1264 2466 S.u.v.
1363 2428 1373 2456 ἱ
1393 2431 1616 2468 τιθασεύουσι
1635 2434 1761 2469 A.F.S.

245 2484 497 2521 τιθασεὺσουσι
531 2483 575 2518 Ο.
616 2483 865 2518 τιθασσεὺουσι
895 2484 936 2518 Β.
962 2491 997 2518 et
1024 2485 1143 2530 vulgo.
1281 2482 1298 2506 k
1329 2486 1416 2531 μέγα
1447 2486 1500 2519 καὶ
1532 2498 1601 2521 om.
1634 2499 1686 2533 pr.
1718 2487 1763 2522 Ο.

247 2572 254 2596 ¹
275 2571 376 2617 ἅττα]
401 2570 485 2605 ἅττα
503 2571 591 2605 Α.Β.
724 2577 756 2596 m
777 2570 954 2617 Δήμητρα]
979 2570 1150 2616 δήμητραν
1170 2572 1212 2605 Y.
1342 2577 1362 2596 ¹²
1381 2570 1519 2618 μείζων]
1542 2559 1657 2616 μεῖζοιῖι
1678 2574 1762 2609 RF.

244 2627 358 2670 μεῖζον
372 2625 415 2659 A.
527 2630 545 2649 0
565 2623 644 2670 παρ’
665 2624 758 2668 ὑμῶν
777 2636 846 2658 om.
869 2624 913 2658 Ο.
1038 2629 1057 2657 Ρ
1076 2624 1160 2671 τῶν]
1184 2624 1202 2668 ἢ
1223 2627 1290 2658 τῶν
1311 2625 1349 2658 F.
1474 2631 1494 2658 ‘l
1513 2625 1581 2673 ἀεὶ]
1603 2626 1667 2660 alei
1685 2628 1763 2663 libri

245 2679 359 2719 multi,
379 2678 416 2711 'm
434 2677 488 2711 his
503 2678 591 2711 A.B.
640 2677 710 2712 Sed
729 2677 780 2711 ἀεὶ
801 2678 835 2711 S.
972 2682 988 2701 Υ
1007 2677 1100 2723 ὑμῖν]
1125 2677 1203 2722 ἡμῖν
1224 2678 1376 2712 S.Y.u.v.
1510 2686 1524 2705 S
1543 2679 1634 2714 ἀλλὰ
1652 2682 1712 2714 νῦν
1729 2681 1763 2727 γ’

245 2732 312 2778 ἔτι]
343 2733 392 2764 ἔτι
421 2731 474 2764 καὶ
500 2732 559 2764 νῦν
584 2731 693 2764 Y.Aa.
719 2736 896 2765 correctus
917 2730 960 2764 O.
981 2745 1037 2776 γρ.
1060 2730 1147 2765 RF.
1195 2731 1239 2765 In
1266 2732 1308 2765 A.
1339 2731 1524 2766 obliterata
1551 2740 1633 2767 sunt
1658 2734 1764 2769 verba

244 2782 510 2818 Ἐὰν-τούτων
530 2786 607 2817 τῶν.
718 2782 732 2809 t
751 2798 788 2817 τε
807 2795 877 2817 om.
898 2784 941 2817 Y.
1055 2790 1074 2809 ¹¹
1093 2783 1289 2830 χρὴσησθε]
1318 2785 1494 2830 χρήσεσθε
1514 2798 1583 2820 u.v.
1611 2788 1763 2832 χρῆσθαι

246 2869 385 2905 A.Y.O.
487 2875 508 2894 X
526 2870 687 2905 Alterum
706 2868 791 2905 ἴσως
809 2883 879 2904 om.
902 2870 945 2905 Ο.
1048 2877 1068 2904 Y
1088 2870 1291 2917 κτήσαισθε]
1316 2871 1490 2915 κτήσησθε
1511 2872 1546 2906 S.
1575 2845 1764 2916 κτήσαηισθε

248 2923 333 2956 B.F.
363 2923 549 2966 κτήσοισθε
569 2923 659 2958 Υ.Ο.
690 2922 862 2967 κτήσεσθε
880 2925 922 2959 Α.
1001 2929 1019 2948 ²
1040 2926 1146 2958 ἐκεῖνα
1164 2927 1242 2958 οὔτε
1262 2925 1364 2969 ἰσχὺν
1385 2925 1514 2959 A.B.S.
1535 2931 1570 2959 et
1589 2938 1622 2971 p.
1644 2922 1760 2969 1460,

248 2986 284 3021 3.
315 2975 514 3020 Legebatur
534 2975 603 3009 οὔτ’
627 2976 730 3020 ἰσχὺν
749 2977 865 3010 ἐκεῖνα.
977 2981 996 3001 8
1017 2977 1187 3022 ὠφέλειαν
1205 2978 1312 3023 ἔχειν]
1336 2978 1426 3022 ἔχειν
1445 2977 1616 3023 ὠφέλειαν
1636 2979 1722 3012 A.Y.
