1882 3250
242 190 298 232 86
771 191 1240 250 [ΔΗΜΟΣΘΕΝΟὙΣ]
1465 196 1547 236 on.
1565 195 1670 235 vn.
1695 211 1733 251 p.
1751 207 1821 251 79,
1839 188 1871 241 A

180 310 371 366 Ιαβολα
403 304 685 369 ἐποιήσαντο
718 305 837 372 πρὸς
871 306 956 370 τὴν
986 307 1130 358 πόλιν
1155 306 1241 370 τὴν
1266 307 1506 373 ἡμετεραν.
1575 309 1760 359 “Kal-roz

243 389 434 443 πλειόυς
479 412 533 454 γε
582 389 707 454 ἦσαν
751 394 797 440 αἱ
848 391 1074 458 ἐπιμιξίαι
1123 390 1225 442 τότε
1277 390 1395 457 πρὸς
1441 391 1685 456 ἀλλήλους
1729 392 1758 458 ἢ

245 477 326 522 νῦν
370 473 502 522 εἰσίν·
555 474 627 540 ἐφ’
667 473 775 536 ἡμῖν
812 472 905 540 γὰρ
943 472 1001 536 ἦν
1039 474 1101 538 Χὴ
1148 476 1421 525 Μακεδονία
1464 477 1539 526 καὶ
1583 475 1812 543 φόρουςκο
1866 528 1869 543 ¹,

243 557 386 620 Ϋὴμῖν
424 557 640 624 Ζἔφερον,
680 559 755 607 καὶ
793 562 888 610 τοῖς
926 558 1194 623 ὃέμπορίοις
1236 557 1340 608 τότε
1381 563 1571 621 μᾶλλον
1608 558 1637 623 ἢ
1678 565 1760 610 νῦν
1866 553 1869 555 Δ

243 639 262 667 ¹¹
279 641 408 704 ἡμεῖς
452 646 548 694 τοῖς
594 642 686 690 ἐκεῖ
732 643 931 692 κάκεῖνοι
977 646 1074 695 τοῖς
1119 643 1227 708 παρ’
1270 643 1379 706 ἡμῖν
1423 644 1643 710 ἐχρῶντο,
1685 645 1760 694 καὶ

242 726 487 791 ἐμπορικαὶ
523 726 643 774 δίκαι
680 726 763 775 οὐκ
802 725 940 789 ἦσαν,
977 724 1141 792 ὥσπερ
1179 732 1274 789 νῦν,
1309 729 1525 794 ἀκριβεῖς,
1557 731 1604 778 αἱ
1641 726 1762 778 κατὰ

241 811 379 871 μῆνα,
419 814 642 859 ποιοῦσαι
679 808 822 873 μηδὲν
861 811 1043 860 δεῖσθαι
1082 810 1347 873 συμβόλων
1385 810 1493 865 τοὺς
1530 817 1762 863 τοσοῦτον

178 910 225 951 13
243 891 474 955 ἀλλήλων
500 891 777 958 ἀπέχοντας.
844 894 954 943 ἀλλ’
983 893 1108 957 ὅμως
1145 892 1327 947 οὐδενὸς
1358 895 1592 946 οτοιούτου
1626 895 1758 950 ὄντος
1772 922 1809 955 ²5

240 975 343 1026 τότε
380 976 461 1026 οὐκ
497 975 762 1026 ἐλυσιτέλει
797 977 1027 1040 σύμβολα
1059 978 1403 1042 ποιησαμένους
1435 980 1530 1030 οὔτ’
1558 981 1608 1030 ἐκ
1641 984 1756 1030 Μα-

240 1059 446 1112 κεδονίας
480 1064 619 1110 πλεῖν
645 1059 873 1126 Ἀθήναζε
908 1062 1038 1114 δίκας
1064 1059 1410 1131 ἀληψομένους,
1437 1063 1537 1115 οὔθ’
1566 1064 1675 1128 ἡμῖν
1699 1068 1762 1118 εἱς

1320 1145 1334 1173 f

242 1144 554 1205 Μακεδονίαν,
595 1145 704 1194 ἀλλ’
747 1145 874 1208 ἡμεῖς
917 1167 965 1195 τε
1014 1150 1109 1199 τοῖς
1155 1147 1280 1196 Εέκεῖ
1348 1147 1558 1210 νομίμοις
1601 1148 1767 1198 ἐκεῖνοί

237 1251 287 1279 τε
325 1233 423 1282 τοῖς
459 1228 574 1293 παρ’
604 1228 712 1292 ἡμῖν
750 1227 834 1282 τὰς
873 1230 1002 1283 δίκας
1039 1229 1329 1294 ἐλάμβανον.
1388 1229 1453 1295 μὴ
1493 1231 1574 1282 οὖν
1612 1233 1756 1297 ἀγνο-

1860 1296 1862 1310 i

238 1335 326 1362 ειτε
362 1312 471 1363 ἕὸτι
510 1310 568 1362 τὰ
603 1312 833 1375 σύμβολα
870 1318 1018 1363 ταῦτα
1053 1313 1263 1379 γίγνεται
1302 1318 1365 1368 εἱς
1404 1313 1643 1382 ὑποδοχὴν
1676 1320 1760 1366 τοῦ
1773 1331 1826 1372 80

238 1395 256 1422 ¹²
266 1397 371 1460 μηδ’
401 1399 773 1463 ἀμφισβητῆσαι
800 1394 940 1459 ἰὑμᾶς
968 1397 1175 1462 εὐλόγως
1201 1398 1267 1448 ε”τι
1292 1396 1591 1452 1(Ποτιδαίας.

175 1502 226 1540 14
315 1482 433 1547 Περὶ
460 1480 508 1532 δὲ
535 1486 630 1532 τῶν
656 1486 852 1549 λῃστῶν
878 1481 1054 1533 δίκαιόν
1080 1485 1232 1550 φησιν
1259 1480 1372 1532 εἶναι
1405 1485 1534 1550 κοινῇ
1566 1480 1755 1551 φυλάτ-

237 1588 333 1616 τειν
359 1563 467 1619 τοὺς
499 1567 547 1615 ἐν
579 1569 637 1632 τῇ
670 1565 884 1633 θαλάττῃ
919 1571 1292 1632 κακουργοῦντας
1327 1567 1444 1628 ὑμᾶς
1477 1589 1526 1616 τε
1561 1569 1636 1617 καὶ
1670 1568 1787 1620 och-5

269 1649 283 1664 X
401 1650 410 1664 )
454 1648 465 1665 X
520 1648 528 1675 l
555 1651 565 1664 9
639 1650 649 1665 ἱ
684 1647 700 1665 ,λ
796 1655 815 1663 Α
847 1650 856 1665 ’
902 1651 912 1666 ,
981 1654 1000 1663 Α
1086 1652 1096 1664 τ
1141 1650 1152 1664 5
1180 1657 1210 1675 m
1231 1651 1241 1664 f
1297 1653 1317 1662 Α
1400 1653 1410 1667 5
1501 1649 1513 1665 Χ
1622 1649 1634 1664 Ι

236 1672 334 1712 τον,
362 1651 494 1699 ουδεν
539 1655 639 1699 αλλ
679 1673 707 1714 η
734 1672 845 1700 τουτ·
886 1649 1045 1718 αξιων,
1075 1654 1141 1718 υφ
1220 1672 1348 1712 υμων
1375 1672 1437 1703 εις
1462 1673 1548 1714 την
1573 1654 1755 1702 θαλατ-

236 1757 324 1785 ταν
370 1737 739 1798 κατασταθῆναι,
786 1736 861 1785 καὶ
907 1736 1207 1800 ὁμολογῆσαι
1253 1736 1370 1798 ὑμᾶς
1414 1737 1476 1789 ὡς
1520 1735 1629 1787 ἄνευ
1668 1740 1758 1787 Φι-

238 1819 418 1870 λίππου
457 1817 560 1869 οὐδὲ
600 1817 686 1882 τὴν
723 1820 772 1868 ἐν
810 1823 868 1886 τῇ
908 1818 1123 1887 θαλάττῃ
1163 1817 1385 1888 φυλακὴν
1423 1821 1614 1870 δυνατοί
1652 1821 1761 1871 ε’στε

175 1919 222 1960 15
239 1901 508 1971 φυλάττειν,
547 1902 613 1953 ε”τι
649 1900 699 1952 δὲ
735 1904 838 1953 Πκαὶ
875 1904 1065 1966 δοθῆναι
1102 1904 1227 1972 αὐτῷ
1261 1903 1435 1966 ταύτην
1469 1902 1554 1967 τὴν
1587 1904 1758 1967 ἄδειαν,

236 1987 536 2053 περιπλέοντι
565 1991 641 2038 καὶ
668 1987 954 2058 ὁρμιζομένῳ
986 1992 1048 2041 εἷς
1080 1987 1164 2041 τὰς
1202 1987 1377 2052 νήσους
1410 1989 1485 2040 ἐπὶ
1517 1988 1759 2058 προφάσει
1773 2011 1811 2034 10
1850 2013 1854 2016 ’

237 2077 294 2140 τῇ
330 2076 424 2122 τῶν
460 2076 657 2140 λῃστῶν
694 2076 888 2140 φυλακῇ
924 2073 1240 2141 οδιαφθείρειν
1274 2072 1381 2126 τοὺς
1416 2072 1651 2137 νησιώτας
1684 2078 1760 2124 καὶ

237 2155 498 2224 ἀφιστάναι
544 2164 562 2193 Ρ
580 2158 722 2219 ὑμῶν,
770 2158 845 2207 καὶ
895 2155 960 2220 μὴ
1007 2156 1153 2219 μόνον
1199 2155 1306 2210 τοὺς
1357 2155 1575 2225 φυγάδας
1619 2155 1762 2212 Ἷτοὺς

237 2241 346 2307 παρ’
388 2242 553 2291 ἑαυτοῦ
597 2244 659 2294 εἱς
699 2239 871 2292 Θάσον
910 2240 1228 2304 Γκεκομικέναι
1271 2239 1348 2291 διὰ
1390 2244 1485 2291 τῶν
1529 2239 1761 2307 ὑμετέρων

1843 2140 1853 2320 I

292 2407 311 2426 Π
334 2401 459 2448 καίτοι]
486 2402 632 2449 καίτοιγε
655 2403 690 2437 S.
802 2409 822 2428 Χ
843 2403 861 2447 ἡ
882 2415 953 2438 om.
972 2404 1016 2438 Ο.
1127 2409 1146 2437 Y
1167 2403 1261 2449 ἡμῖν]
1284 2381 1361 2447 Ζμῖν
1381 2404 1422 2439 F.
1534 2409 1551 2428 ⁷·
1572 2403 1698 2449 ἔφερον
1719 2403 1756 2439 S.
1842 2395 1848 2455 i

240 2455 440 2501 Legebatur
460 2456 574 2501 ἔφερε.
650 2462 668 2481 8·
684 2455 874 2503 ἐμπορίοις]
896 2457 1056 2501 ἐμπόροις
1072 2469 1124 2503 pr.
1142 2457 1187 2491 O.
1265 2453 1284 2482 b
1300 2457 1409 2503 ἡμεῖς]
1430 2457 1523 2501 ἡμεῖς
1538 2472 1575 2491 τε
1590 2457 1757 2492 Y.0.u.v.

239 2514 255 2534 c
281 2508 438 2543 τοιούτου
467 2509 582 2556 ὄντος]
616 2509 713 2545 ὄντος
735 2509 892 2544 τοιούτου
915 2511 1002 2545 A.Y.
1178 2507 1197 2535 d
1221 2510 1458 2557 ληψομένους]
1486 2511 1698 2556 ληψομένοις
1719 2511 1756 2546 S.

239 2568 255 2587 e
276 2563 359 2609 ἐκεῖ]
385 2563 453 2597 ἐκεῖ
470 2561 510 2609 γε
531 2563 571 2598 F.
685 2561 700 2588 f
717 2564 887 2611 νομίμοις]
913 2567 1026 2608 νόμοις
1046 2564 1089 2598 Y.
1198 2569 1218 2597 g
1238 2563 1290 2597 ὅτι
1310 2576 1380 2598 om.
1401 2577 1453 2610 pr.
1468 2563 1512 2599 Ο.
1620 2561 1640 2589 h
1659 2562 1754 2610 μηδ’]

237 2616 283 2660 μὴ
303 2616 346 2651 Y.
434 2614 444 2641 i
465 2618 549 2661 ὑμᾶς
569 2616 734 2663 εὐλόγως]
757 2618 908 2663 εὐλόγως
929 2618 1012 2662 ὑμᾶς
1034 2618 1070 2652 S.
1088 2626 1123 2651 et
1144 2630 1195 2664 pr.
1215 2617 1269 2658 F„
1290 2630 1361 2651 non
1383 2618 1426 2653 B.
1512 2615 1532 2642 k
1554 2617 1754 2664 Ποτιδαίας]

238 2670 314 2715 περὶ
335 2670 510 2706 ποτιδαίας
529 2670 693 2705 Y.O.u.v.
714 2678 749 2705 et
769 2683 837 2705 rec.
861 2672 897 2705 S.
988 2668 997 2696 Ῑ
1017 2670 1094 2705 ἀλλ’
1118 2671 1154 2706 S.
1185 2671 1276 2705 ι’ίλλο
1295 2671 1414 2718 vulgo.
1508 2677 1539 2696 ¹1¹
1560 2671 1651 2715 ὑμῶν
1669 2671 1757 2707 Α.Υ.

240 2723 440 2769 Legebatur
462 2724 567 2768 ἡμῶν,
595 2725 837 2759 consentiente
865 2725 906 2765 B,
932 2725 967 2759 in
993 2737 1063 2771 quo
1091 2725 1188 2771 prius
1218 2725 1386 2771 seriptum
1415 2724 1521 2759 fuisse
1549 2725 1642 2770 ὑμῶν
1670 2725 1758 2760 falso

239 2777 345 2810 refert
367 2777 544 2812 Reiskius.
658 2784 677 2802 n
698 2780 750 2812 καὶ
769 2785 850 2824 post
870 2779 1008 2822 δοθῆναι
1026 2779 1127 2825 ponit
1146 2779 1190 2813 Y.
1210 2790 1280 2813 om.
1301 2791 1338 2813 u.
1450 2784 1468 2803 0
1488 2778 1714 2824 διαφθείρειν]
1738 2777 1758 2822 ἢ
1835 2757 1842 2880 l

239 2831 332 2877 λόγῳ
347 2830 365 2873 ἢ
383 2831 536 2875 χρήμασι
551 2832 761 2877 διαφθείρειν
773 2833 815 2866 Y.
840 2834 959 2878 λόγοις
973 2831 991 2876 ἢ
1007 2831 1160 2877 χρήμασι
1175 2832 1386 2878 διαφθείρειν
1399 2844 1469 2867 rec.
1486 2831 1531 2867 Ο.
1602 2838 1622 2866 P
1643 2831 1752 2878 ὑμῶν]

239 2882 300 2928 ἀφ’
322 2883 413 2927 ὑμῶν
434 2885 595 2920 F.O.u.V.
744 2892 764 2919 q
784 2887 863 2921 τοὺς
882 2885 977 2932 παρ’]
1002 2887 1082 2921 τοὺς
1100 2886 1142 2920 τὰ
1161 2886 1251 2920 αὐτῶ
1271 2887 1483 2932 φρονοῦντας
1502 2884 1581 2931 παρ’
1597 2886 1640 2920 Y.
1660 2886 1758 2920 illata
1834 2881 1839 2980 ν

239 2936 440 2982 interpretis
460 2939 687 2973 annotatione
707 2940 749 2973 τὰ
766 2940 851 2973 αὐτὰ
871 2940 960 2987 αὐτῷ
977 2941 1200 2986 φρονοῦντας.
1322 2945 1337 2964 ¹·
1357 2938 1580 2986 κεκομικέναι]
1605 2940 1754 2974 διακεκο-
1832 2981 1838 3033 η

237 2991 367 3034 μικέναι
389 2991 429 3025 F.
