<?xml version="1.0" encoding="UTF-8"?>
<!DOCTYPE html PUBLIC "-//W3C//DTD XHTML 1.0 Transitional//EN"
    "http://www.w3.org/TR/xhtml1/DTD/xhtml1-transitional.dtd">
<html xmlns="http://www.w3.org/1999/xhtml" xml:lang="en" lang="en">
 <head>
  <title>
</title>
<meta http-equiv="Content-Type" content="text/html;charset=utf-8" />
  <meta name='ocr-system' content='tesseract 3.04.00' />
  <meta name='ocr-capabilities' content='ocr_page ocr_carea ocr_par ocr_line ocrx_word'/>
</head>
<body>
  <div class='ocr_page' id='page_1' title='image "./operaexrecension01demouoft_0332.png"; bbox 0 0 1930 3266; ppageno 0'>
   <div class='ocr_carea' id='block_1_1' title="bbox 281 290 1854 443">
    <p class='ocr_par' dir='ltr' id='par_1_1' title="bbox 281 290 1854 443">
     <span class='ocr_line' id='line_1_1' title="bbox 281 290 1795 361; baseline -0.003 -17"><span class='ocrx_word' id='word_1_1' title='bbox 281 293 367 358; x_wconf 77' lang='grc' dir='ltr'>μὲν</span> <span class='ocrx_word' id='word_1_2' title='bbox 400 298 560 356; x_wconf 83' lang='grc' dir='ltr'>ταῦτα,</span> <span class='ocrx_word' id='word_1_3' title='bbox 588 294 671 344; x_wconf 81' lang='grc' dir='ltr'>οὐκ</span> <span class='ocrx_word' id='word_1_4' title='bbox 710 293 904 361; x_wconf 71' lang='grc' dir='ltr'>ἔγραψα</span> <span class='ocrx_word' id='word_1_5' title='bbox 938 292 1000 355; x_wconf 77' lang='grc' dir='ltr'>δὲ,</span> <span class='ocrx_word' id='word_1_6' title='bbox 1027 294 1124 343; x_wconf 81' lang='grc' dir='ltr'>οὐδ’</span> <span class='ocrx_word' id='word_1_7' title='bbox 1153 292 1346 360; x_wconf 75' lang='grc' dir='ltr'>ἔγραψα</span> <span class='ocrx_word' id='word_1_8' title='bbox 1377 290 1474 354; x_wconf 78' lang='grc' dir='ltr'>μὲν,</span> <span class='ocrx_word' id='word_1_9' title='bbox 1501 292 1584 341; x_wconf 81' lang='grc' dir='ltr'>οὐκ</span> <span class='ocrx_word' id='word_1_10' title='bbox 1621 291 1795 355; x_wconf 85' lang='grc' dir='ltr'>ἐπρεσ-</span> 
     </span>
     <span class='ocr_line' id='line_1_2' title="bbox 281 373 1854 443; baseline -0.003 -14"><span class='ocrx_word' id='word_1_11' title='bbox 281 384 438 439; x_wconf 90' lang='grc' dir='ltr'>βευσα</span> <span class='ocrx_word' id='word_1_12' title='bbox 472 378 534 440; x_wconf 77' lang='grc' dir='ltr'>δὲ,</span> <span class='ocrx_word' id='word_1_13' title='bbox 567 379 658 428; x_wconf 82' lang='grc' dir='ltr'>οὐδ’</span> <span class='ocrx_word' id='word_1_14' title='bbox 689 377 991 443; x_wconf 79' lang='grc' dir='ltr'>ἐπρέσβευσα</span> <span class='ocrx_word' id='word_1_15' title='bbox 1015 375 1114 439; x_wconf 76' lang='grc' dir='ltr'>μὲν,</span> <span class='ocrx_word' id='word_1_16' title='bbox 1141 377 1224 426; x_wconf 84' lang='grc' dir='ltr'>οὐκ</span> <span class='ocrx_word' id='word_1_17' title='bbox 1262 375 1429 425; x_wconf 77' lang='grc' dir='ltr'>ε”πεισα</span> <span class='ocrx_word' id='word_1_18' title='bbox 1462 373 1510 424; x_wconf 79' lang='grc' dir='ltr'>δὲ</span> <span class='ocrx_word' id='word_1_19' title='bbox 1538 373 1795 437; x_wconf 79' lang='grc' dir='ltr'>Θηβαίους·</span> <span class='ocrx_word' id='word_1_20' title='bbox 1816 390 1854 411; x_wconf 87' lang='lat'>¹0</span> 
     </span>
    </p>
   </div>
   <div class='ocr_carea' id='block_1_2' title="bbox 750 464 770 473">
    <p class='ocr_par' dir='ltr' id='par_1_2' title="bbox 750 464 770 473">
     <span class='ocr_line' id='line_1_3' title="bbox 750 464 770 473; baseline 0 0"><span class='ocrx_word' id='word_1_21' title='bbox 750 464 770 473; x_wconf 63' lang='grc' dir='ltr'>Α</span> 
     </span>
    </p>
   </div>
   <div class='ocr_carea' id='block_1_3' title="bbox 283 458 1799 782">
    <p class='ocr_par' dir='ltr' id='par_1_3' title="bbox 283 458 1799 782">
     <span class='ocr_line' id='line_1_4' title="bbox 283 458 1795 528; baseline -0.004 -16"><span class='ocrx_word' id='word_1_22' title='bbox 283 465 392 513; x_wconf 80' lang='grc' dir='ltr'>ἀλλ’</span> <span class='ocrx_word' id='word_1_23' title='bbox 421 462 515 513; x_wconf 81' lang='grc' dir='ltr'>ἀπὸ</span> <span class='ocrx_word' id='word_1_24' title='bbox 540 465 623 525; x_wconf 82' lang='grc' dir='ltr'>τῆς</span> <span class='ocrx_word' id='word_1_25' title='bbox 649 464 797 528; x_wconf 80' lang='grc' dir='ltr'>ἀρχης</span> <span class='ocrx_word' id='word_1_26' title='bbox 826 459 919 510; x_wconf 75' lang='grc' dir='ltr'>1διὰ</span> <span class='ocrx_word' id='word_1_27' title='bbox 943 458 1134 510; x_wconf 77' lang='grc' dir='ltr'>πάντων</span> <span class='ocrx_word' id='word_1_28' title='bbox 1160 458 1312 524; x_wconf 56' lang='grc' dir='ltr'>ωᾶχρι</span> <span class='ocrx_word' id='word_1_29' title='bbox 1350 461 1432 521; x_wconf 81' lang='grc' dir='ltr'>τῆς</span> <span class='ocrx_word' id='word_1_30' title='bbox 1470 459 1689 519; x_wconf 78' lang='grc' dir='ltr'>τελευτῆς</span> <span class='ocrx_word' id='word_1_31' title='bbox 1727 460 1795 507; x_wconf 85' lang='grc' dir='ltr'>δι-</span> 
     </span>
     <span class='ocr_line' id='line_1_5' title="bbox 283 540 1797 616; baseline -0.006 -19"><span class='ocrx_word' id='word_1_32' title='bbox 283 547 502 616; x_wconf 77' lang='grc' dir='ltr'>εξῆλθον,</span> <span class='ocrx_word' id='word_1_33' title='bbox 530 548 606 596; x_wconf 81' lang='grc' dir='ltr'>καὶ</span> <span class='ocrx_word' id='word_1_34' title='bbox 644 546 772 595; x_wconf 80' lang='grc' dir='ltr'>ἔδωκ’</span> <span class='ocrx_word' id='word_1_35' title='bbox 801 543 1001 607; x_wconf 85' lang='grc' dir='ltr'>ἐμαυτὸν</span> <span class='ocrx_word' id='word_1_36' title='bbox 1040 544 1176 606; x_wconf 77' lang='grc' dir='ltr'>“ὑμῖν</span> <span class='ocrx_word' id='word_1_37' title='bbox 1216 543 1381 594; x_wconf 82' lang='grc' dir='ltr'>ἁπλῶς</span> <span class='ocrx_word' id='word_1_38' title='bbox 1420 545 1482 594; x_wconf 79' lang='grc' dir='ltr'>εἷς</span> <span class='ocrx_word' id='word_1_39' title='bbox 1521 540 1629 593; x_wconf 78' lang='grc' dir='ltr'>τοὺς</span> <span class='ocrx_word' id='word_1_40' title='bbox 1665 562 1797 605; x_wconf 90' lang='grc' dir='ltr'>περι-</span> 
     </span>
     <span class='ocr_line' id='line_1_6' title="bbox 284 621 1799 696; baseline -0.007 -15"><span class='ocrx_word' id='word_1_41' title='bbox 284 628 542 694; x_wconf 87' lang='grc' dir='ltr'>εστηκότας</span> <span class='ocrx_word' id='word_1_42' title='bbox 582 633 640 696; x_wconf 83' lang='grc' dir='ltr'>τῇ</span> <span class='ocrx_word' id='word_1_43' title='bbox 685 627 824 679; x_wconf 85' lang='grc' dir='ltr'>πόλει</span> <span class='ocrx_word' id='word_1_44' title='bbox 866 626 1116 678; x_wconf 71' lang='grc' dir='ltr'>κινδύνους.</span> <span class='ocrx_word' id='word_1_45' title='bbox 1196 626 1296 675; x_wconf 89' lang='grc' dir='ltr'>Καί</span> <span class='ocrx_word' id='word_1_46' title='bbox 1331 647 1412 687; x_wconf 91' lang='grc' dir='ltr'>μοι</span> <span class='ocrx_word' id='word_1_47' title='bbox 1452 625 1562 692; x_wconf 81' lang='grc' dir='ltr'>φέρε</span> <span class='ocrx_word' id='word_1_48' title='bbox 1604 623 1658 673; x_wconf 85' lang='grc' dir='ltr'>τὸ</span> <span class='ocrx_word' id='word_1_49' title='bbox 1699 621 1799 691; x_wconf 80' lang='grc' dir='ltr'>ψή-</span> 
     </span>
     <span class='ocr_line' id='line_1_7' title="bbox 285 710 976 782; baseline -0.003 -19"><span class='ocrx_word' id='word_1_50' title='bbox 285 717 446 782; x_wconf 85' lang='grc' dir='ltr'>φισμα</span> <span class='ocrx_word' id='word_1_51' title='bbox 471 711 525 763; x_wconf 80' lang='grc' dir='ltr'>τὸ</span> <span class='ocrx_word' id='word_1_52' title='bbox 551 711 656 762; x_wconf 88' lang='grc' dir='ltr'>τότε</span> <span class='ocrx_word' id='word_1_53' title='bbox 684 710 976 776; x_wconf 75' lang='grc' dir='ltr'>Ογενόμενον.</span> 
     </span>
    </p>
   </div>
   <div class='ocr_carea' id='block_1_4' title="bbox 977 793 988 809">
    <p class='ocr_par' dir='ltr' id='par_1_4' title="bbox 977 793 988 809">
     <span class='ocr_line' id='line_1_8' title="bbox 977 793 988 809; baseline 0 0"><span class='ocrx_word' id='word_1_54' title='bbox 977 793 988 809; x_wconf 61' lang='grc' dir='ltr'><strong>Χ</strong></span> 
     </span>
    </p>
   </div>
   <div class='ocr_carea' id='block_1_5' title="bbox 191 791 1923 1448">
    <p class='ocr_par' dir='ltr' id='par_1_5' title="bbox 191 791 1923 1448">
     <span class='ocr_line' id='line_1_9' title="bbox 191 791 1855 859; baseline -0.004 -12"><span class='ocrx_word' id='word_1_55' title='bbox 191 812 266 853; x_wconf 76' lang='lat'>231</span> <span class='ocrx_word' id='word_1_56' title='bbox 362 796 531 847; x_wconf 85' lang='grc' dir='ltr'>Καίτοι</span> <span class='ocrx_word' id='word_1_57' title='bbox 574 797 679 846; x_wconf 85' lang='grc' dir='ltr'>τίνα</span> <span class='ocrx_word' id='word_1_58' title='bbox 722 795 887 855; x_wconf 78' lang='grc' dir='ltr'>βούλει</span> <span class='ocrx_word' id='word_1_59' title='bbox 932 817 1002 856; x_wconf 75' lang='grc' dir='ltr'>σε,</span> <span class='ocrx_word' id='word_1_60' title='bbox 1044 793 1295 859; x_wconf 77' lang='grc' dir='ltr'>ΡΑἰσχίνη,</span> <span class='ocrx_word' id='word_1_61' title='bbox 1343 794 1418 842; x_wconf 76' lang='grc' dir='ltr'>καὶ</span> <span class='ocrx_word' id='word_1_62' title='bbox 1461 792 1565 842; x_wconf 84' lang='grc' dir='ltr'>τίνα</span> <span class='ocrx_word' id='word_1_63' title='bbox 1607 791 1855 854; x_wconf 76' lang='grc' dir='ltr'>ἐμαυτὸνῐὸ</span> 
     </span>
     <span class='ocr_line' id='line_1_10' title="bbox 285 874 1808 945; baseline -0.004 -14"><span class='ocrx_word' id='word_1_64' title='bbox 285 881 460 943; x_wconf 85' lang='grc' dir='ltr'>ἐκείνην</span> <span class='ocrx_word' id='word_1_65' title='bbox 485 879 571 943; x_wconf 88' lang='grc' dir='ltr'>τὴν</span> <span class='ocrx_word' id='word_1_66' title='bbox 592 880 768 945; x_wconf 77' lang='grc' dir='ltr'>ἡμέραν</span> <span class='ocrx_word' id='word_1_67' title='bbox 794 877 908 929; x_wconf 75' lang='grc' dir='ltr'>εἶναι</span> <span class='ocrx_word' id='word_1_68' title='bbox 934 882 1029 928; x_wconf 53' lang='grc' dir='ltr'>9θῶ</span> <span class='ocrx_word' id='word_1_69' title='bbox 1053 899 1064 939; x_wconf 85' lang='grc'>;</span> <span class='ocrx_word' id='word_1_70' title='bbox 1104 876 1271 938; x_wconf 82' lang='grc' dir='ltr'>βούλει</span> <span class='ocrx_word' id='word_1_71' title='bbox 1298 876 1499 940; x_wconf 81' lang='grc' dir='ltr'>ἐμαυτὸν</span> <span class='ocrx_word' id='word_1_72' title='bbox 1525 875 1644 939; x_wconf 75' lang='grc' dir='ltr'>Γμὲν,</span> <span class='ocrx_word' id='word_1_73' title='bbox 1672 874 1725 926; x_wconf 71' lang='grc' dir='ltr'>ὃν</span> <span class='ocrx_word' id='word_1_74' title='bbox 1751 874 1808 926; x_wconf 79' lang='grc' dir='ltr'>ἂν</span> 
     </span>
     <span class='ocr_line' id='line_1_11' title="bbox 284 959 1807 1029; baseline -0.003 -15"><span class='ocrx_word' id='word_1_75' title='bbox 284 962 349 1014; x_wconf 76' lang='grc' dir='ltr'>σὺ</span> <span class='ocrx_word' id='word_1_76' title='bbox 376 963 732 1029; x_wconf 85' lang='grc' dir='ltr'>λοιδορούμενος</span> <span class='ocrx_word' id='word_1_77' title='bbox 762 963 837 1012; x_wconf 77' lang='grc' dir='ltr'>καὶ</span> <span class='ocrx_word' id='word_1_78' title='bbox 864 962 1102 1026; x_wconf 81' lang='grc' dir='ltr'>διασύρων</span> <span class='ocrx_word' id='word_1_79' title='bbox 1129 961 1370 1023; x_wconf 75' lang='grc' dir='ltr'>καλέσαις,</span> <span class='ocrx_word' id='word_1_80' title='bbox 1399 959 1696 1022; x_wconf 73' lang='grc' dir='ltr'>3Βάτταλον,</span> <span class='ocrx_word' id='word_1_81' title='bbox 1721 959 1807 1010; x_wconf 61' lang='grc' dir='ltr'>ισε</span> 
     </span>
     <span class='ocr_line' id='line_1_12' title="bbox 286 1043 1806 1113; baseline -0.003 -15"><span class='ocrx_word' id='word_1_82' title='bbox 286 1047 334 1098; x_wconf 77' lang='grc' dir='ltr'>δὲ</span> <span class='ocrx_word' id='word_1_83' title='bbox 367 1048 474 1111; x_wconf 90' lang='grc' dir='ltr'>μηδ’</span> <span class='ocrx_word' id='word_1_84' title='bbox 511 1047 648 1113; x_wconf 81' lang='grc' dir='ltr'>11ἥρω</span> <span class='ocrx_word' id='word_1_85' title='bbox 685 1046 767 1096; x_wconf 78' lang='grc' dir='ltr'>τὸν</span> <span class='ocrx_word' id='word_1_86' title='bbox 803 1044 1019 1113; x_wconf 80' lang='grc' dir='ltr'>τυχόντα,</span> <span class='ocrx_word' id='word_1_87' title='bbox 1059 1044 1190 1095; x_wconf 76' lang='grc' dir='ltr'>ἀλλὰ</span> <span class='ocrx_word' id='word_1_88' title='bbox 1228 1045 1406 1095; x_wconf 87' lang='grc' dir='ltr'>τούτων</span> <span class='ocrx_word' id='word_1_89' title='bbox 1441 1045 1545 1095; x_wconf 82' lang='grc' dir='ltr'>τινὰ</span> <span class='ocrx_word' id='word_1_90' title='bbox 1579 1049 1674 1094; x_wconf 82' lang='grc' dir='ltr'>τῶν</span> <span class='ocrx_word' id='word_1_91' title='bbox 1713 1043 1806 1095; x_wconf 80' lang='grc' dir='ltr'>ἀπὸ</span> 
     </span>
     <span class='ocr_line' id='line_1_13' title="bbox 285 1126 1811 1197; baseline -0.003 -15"><span class='ocrx_word' id='word_1_92' title='bbox 285 1135 368 1195; x_wconf 83' lang='grc' dir='ltr'>τῆς</span> <span class='ocrx_word' id='word_1_93' title='bbox 402 1134 595 1195; x_wconf 83' lang='grc' dir='ltr'>σκηνῆς,</span> <span class='ocrx_word' id='word_1_94' title='bbox 626 1128 946 1197; x_wconf 82' lang='grc' dir='ltr'>Κρεσφόντην</span> <span class='ocrx_word' id='word_1_95' title='bbox 980 1128 1008 1193; x_wconf 79' lang='grc' dir='ltr'>ἢ</span> <span class='ocrx_word' id='word_1_96' title='bbox 1052 1128 1265 1194; x_wconf 79' lang='grc' dir='ltr'>Κρέοντα</span> <span class='ocrx_word' id='word_1_97' title='bbox 1304 1126 1332 1191; x_wconf 76' lang='grc' dir='ltr'>ἢ</span> <span class='ocrx_word' id='word_1_98' title='bbox 1371 1127 1423 1178; x_wconf 74' lang='grc' dir='ltr'>’ὸν</span> <span class='ocrx_word' id='word_1_99' title='bbox 1458 1130 1506 1179; x_wconf 85' lang='grc' dir='ltr'>ἐν</span> <span class='ocrx_word' id='word_1_100' title='bbox 1540 1131 1811 1196; x_wconf 72' lang='grc' dir='ltr'>ΧΚολλυτῷ</span> 
     </span>
     <span class='ocr_line' id='line_1_14' title="bbox 284 1212 1923 1281; baseline -0.003 -15"><span class='ocrx_word' id='word_1_101' title='bbox 284 1215 400 1266; x_wconf 78' lang='grc' dir='ltr'>ποτὲ</span> <span class='ocrx_word' id='word_1_102' title='bbox 439 1213 681 1278; x_wconf 81' lang='grc' dir='ltr'>Οἰνόμαον</span> <span class='ocrx_word' id='word_1_103' title='bbox 719 1218 902 1268; x_wconf 68' lang='grc' dir='ltr'>Υκακῶς</span> <span class='ocrx_word' id='word_1_104' title='bbox 941 1212 1330 1280; x_wconf 80' lang='grc' dir='ltr'>Ζὑποκρινόμενος</span> <span class='ocrx_word' id='word_1_105' title='bbox 1369 1213 1660 1281; x_wconf 69' lang='grc' dir='ltr'>ε’πέτριψαςς</span> <span class='ocrx_word' id='word_1_106' title='bbox 1705 1213 1808 1263; x_wconf 89' lang='grc' dir='ltr'>τότε</span> <span class='ocrx_word' id='word_1_107' title='bbox 1823 1232 1863 1253; x_wconf 77' lang='lat'>20</span> <span class='ocrx_word' id='word_1_108' title='bbox 1922 1234 1923 1238; x_wconf 70' lang='grc'>’</span> 
     </span>
     <span class='ocr_line' id='line_1_15' title="bbox 286 1295 1810 1365; baseline -0.002 -14"><span class='ocrx_word' id='word_1_109' title='bbox 286 1301 443 1351; x_wconf 84' lang='grc' dir='ltr'>τοίνυν</span> <span class='ocrx_word' id='word_1_110' title='bbox 470 1300 567 1351; x_wconf 87' lang='grc' dir='ltr'>κατ’</span> <span class='ocrx_word' id='word_1_111' title='bbox 598 1301 771 1350; x_wconf 84' lang='grc' dir='ltr'>ἐκεῖνον</span> <span class='ocrx_word' id='word_1_112' title='bbox 797 1296 881 1349; x_wconf 77' lang='grc' dir='ltr'>τὸν</span> <span class='ocrx_word' id='word_1_113' title='bbox 907 1297 1068 1365; x_wconf 78' lang='grc' dir='ltr'>καιρὸν</span> <span class='ocrx_word' id='word_1_114' title='bbox 1094 1299 1119 1347; x_wconf 85' lang='grc' dir='ltr'>ὁ</span> <span class='ocrx_word' id='word_1_115' title='bbox 1148 1296 1397 1350; x_wconf 75' lang='grc' dir='ltr'>Παιανιεὺς</span> <span class='ocrx_word' id='word_1_116' title='bbox 1435 1295 1527 1362; x_wconf 80' lang='grc' dir='ltr'>ἐγὼ</span> <span class='ocrx_word' id='word_1_117' title='bbox 1562 1295 1810 1348; x_wconf 79' lang='grc' dir='ltr'>Βάτταλος</span> 
     </span>
     <span class='ocr_line' id='line_1_16' title="bbox 288 1378 1811 1448; baseline -0.003 -14"><span class='ocrx_word' id='word_1_118' title='bbox 288 1382 531 1447; x_wconf 76' lang='grc' dir='ltr'>Οἰνομάου</span> <span class='ocrx_word' id='word_1_119' title='bbox 556 1388 639 1433; x_wconf 85' lang='grc' dir='ltr'>τοῦ</span> <span class='ocrx_word' id='word_1_120' title='bbox 662 1382 936 1433; x_wconf 84' lang='grc' dir='ltr'>Κοθωκίδου</span> <span class='ocrx_word' id='word_1_121' title='bbox 957 1386 1048 1432; x_wconf 83' lang='grc' dir='ltr'>σοῦ</span> <span class='ocrx_word' id='word_1_122' title='bbox 1071 1381 1289 1433; x_wconf 87' lang='grc' dir='ltr'>πλείονος</span> <span class='ocrx_word' id='word_1_123' title='bbox 1310 1380 1441 1448; x_wconf 75' lang='grc' dir='ltr'>ἄξιος</span> <span class='ocrx_word' id='word_1_124' title='bbox 1461 1378 1525 1430; x_wconf 79' lang='grc' dir='ltr'>ὧν</span> <span class='ocrx_word' id='word_1_125' title='bbox 1546 1378 1725 1446; x_wconf 81' lang='grc' dir='ltr'>ἐφάνην</span> <span class='ocrx_word' id='word_1_126' title='bbox 1753 1384 1811 1446; x_wconf 81' lang='grc' dir='ltr'>τῇ</span> 
     </span>
    </p>
   </div>
   <div class='ocr_carea' id='block_1_6' title="bbox 280 0 1925 1607">
    <p class='ocr_par' dir='ltr' id='par_1_6' title="bbox 280 0 1925 494">
     <span class='ocr_line' id='line_1_17' title="bbox 280 0 1925 270; baseline 0 -49"><span class='ocrx_word' id='word_1_127' title='bbox 280 182 365 221; x_wconf 71' lang='lat'>802</span> <span class='ocrx_word' id='word_1_128' title='bbox 826 183 1252 221; x_wconf 67' lang='lat' dir='ltr'><strong>AHMOEQENOTE</strong></span> <span class='ocrx_word' id='word_1_129' title='bbox 1371 179 1451 218; x_wconf 80' lang='lat' dir='ltr'>OR.</span> <span class='ocrx_word' id='word_1_130' title='bbox 1471 177 1651 218; x_wconf 76' lang='lat' dir='ltr'>XVIII.</span> <span class='ocrx_word' id='word_1_131' title='bbox 1673 193 1712 233; x_wconf 83' lang='lat' dir='ltr'>p.</span> <span class='ocrx_word' id='word_1_132' title='bbox 1734 177 1827 226; x_wconf 77' lang='lat'>288,</span> <span class='ocrx_word' id='word_1_133' title='bbox 1844 0 1925 270; x_wconf 53' lang='lat'>91¹</span> 
     </span>
     <span class='ocr_line' id='line_1_18' title="bbox 1916 274 1924 494; baseline 0 0"><span class='ocrx_word' id='word_1_134' title='bbox 1916 274 1924 494; x_wconf 94' lang='grc' dir='ltr'>Ι</span> 
     </span>
    </p>

    <p class='ocr_par' dir='ltr' id='par_1_7' title="bbox 1918 495 1924 542">
     <span class='ocr_line' id='line_1_19' title="bbox 1918 495 1924 542; baseline 0 0"><span class='ocrx_word' id='word_1_135' title='bbox 1918 495 1924 542; x_wconf 98' lang='grc' dir='ltr'>Ι</span> 
     </span>
    </p>

    <p class='ocr_par' dir='ltr' id='par_1_8' title="bbox 1919 548 1924 706">
     <span class='ocr_line' id='line_1_20' title="bbox 1919 548 1924 706; baseline 0 0"><span class='ocrx_word' id='word_1_136' title='bbox 1919 548 1924 706; x_wconf 90' lang='grc' dir='ltr'>Ι</span> 
     </span>
    </p>

    <p class='ocr_par' dir='ltr' id='par_1_9' title="bbox 1919 851 1924 955">
     <span class='ocr_line' id='line_1_21' title="bbox 1919 851 1924 955; baseline 0 0"><span class='ocrx_word' id='word_1_137' title='bbox 1919 851 1924 955; x_wconf 91' lang='grc' dir='ltr'>Ι</span> 
     </span>
    </p>

    <p class='ocr_par' dir='ltr' id='par_1_10' title="bbox 1921 971 1924 1002">
     <span class='ocr_line' id='line_1_22' title="bbox 1921 971 1924 1002; baseline 0 0"><span class='ocrx_word' id='word_1_138' title='bbox 1921 971 1924 1002; x_wconf 97' lang='grc' dir='ltr'>Ι</span> 
     </span>
    </p>

    <p class='ocr_par' dir='ltr' id='par_1_11' title="bbox 1920 1065 1925 1142">
     <span class='ocr_line' id='line_1_23' title="bbox 1920 1065 1925 1142; baseline 0 0"><span class='ocrx_word' id='word_1_139' title='bbox 1920 1065 1925 1142; x_wconf 83' lang='grc' dir='ltr'>Ι</span> 
     </span>
    </p>

    <p class='ocr_par' dir='ltr' id='par_1_12' title="bbox 1920 1206 1925 1229">
     <span class='ocr_line' id='line_1_24' title="bbox 1920 1206 1925 1229; baseline 0 0"><span class='ocrx_word' id='word_1_140' title='bbox 1920 1206 1925 1229; x_wconf 83' lang='grc' dir='ltr'>Ι</span> 
     </span>
    </p>

    <p class='ocr_par' dir='ltr' id='par_1_13' title="bbox 1920 1248 1925 1292">
     <span class='ocr_line' id='line_1_25' title="bbox 1920 1248 1925 1292; baseline 0 0"><span class='ocrx_word' id='word_1_141' title='bbox 1920 1248 1925 1292; x_wconf 93' lang='grc' dir='ltr'>Ι</span> 
     </span>
    </p>

    <p class='ocr_par' dir='ltr' id='par_1_14' title="bbox 287 1330 1925 1607">
     <span class='ocr_line' id='line_1_26' title="bbox 1920 1330 1924 1358; baseline 0 0"><span class='ocrx_word' id='word_1_142' title='bbox 1920 1330 1924 1358; x_wconf 69' lang='grc' dir='ltr'><strong>ι</strong></span> 
     </span>
     <span class='ocr_line' id='line_1_27' title="bbox 287 1432 1925 1553; baseline -0.004 -33"><span class='ocrx_word' id='word_1_143' title='bbox 287 1470 491 1535; x_wconf 87' lang='grc' dir='ltr'>πατρίδι.</span> <span class='ocrx_word' id='word_1_144' title='bbox 531 1467 623 1518; x_wconf 53' lang='grc' dir='ltr'>ἢσὺ</span> <span class='ocrx_word' id='word_1_145' title='bbox 648 1467 734 1531; x_wconf 81' lang='grc' dir='ltr'>μέν</span> <span class='ocrx_word' id='word_1_146' title='bbox 759 1490 815 1533; x_wconf 87' lang='grc' dir='ltr'>γε</span> <span class='ocrx_word' id='word_1_147' title='bbox 851 1466 984 1518; x_wconf 78' lang='grc' dir='ltr'>οὐδὲν</span> <span class='ocrx_word' id='word_1_148' title='bbox 1011 1467 1217 1529; x_wconf 83' lang='grc' dir='ltr'>οὐδαμοῦ</span> <span class='ocrx_word' id='word_1_149' title='bbox 1255 1465 1490 1532; x_wconf 83' lang='grc' dir='ltr'>χρήσιμος</span> <span class='ocrx_word' id='word_1_150' title='bbox 1527 1464 1673 1529; x_wconf 80' lang='grc' dir='ltr'>ἦσθα·</span> <span class='ocrx_word' id='word_1_151' title='bbox 1718 1464 1810 1529; x_wconf 81' lang='grc' dir='ltr'>ἐγὼ</span> <span class='ocrx_word' id='word_1_152' title='bbox 1920 1432 1925 1553; x_wconf 60' lang='grc' dir='ltr'>Ι</span> 
     </span>
     <span class='ocr_line' id='line_1_28' title="bbox 1920 1558 1924 1607; baseline 0 0"><span class='ocrx_word' id='word_1_153' title='bbox 1920 1558 1924 1607; x_wconf 94' lang='grc' dir='ltr'>Ι</span> 
     </span>
    </p>
   </div>
   <div class='ocr_carea' id='block_1_7' title="bbox 289 1546 1863 1791">
    <p class='ocr_par' dir='ltr' id='par_1_15' title="bbox 289 1546 1863 1791">
     <span class='ocr_line' id='line_1_29' title="bbox 289 1546 1863 1617; baseline -0.003 -15"><span class='ocrx_word' id='word_1_154' title='bbox 289 1551 385 1602; x_wconf 53' lang='grc' dir='ltr'>δὲῦ</span> <span class='ocrx_word' id='word_1_155' title='bbox 391 1551 561 1614; x_wconf 82' lang='grc' dir='ltr'>πάντα,</span> <span class='ocrx_word' id='word_1_156' title='bbox 589 1551 711 1602; x_wconf 71' lang='grc' dir='ltr'>οὀσα</span> <span class='ocrx_word' id='word_1_157' title='bbox 736 1553 950 1617; x_wconf 86' lang='grc' dir='ltr'>προσῆκε</span> <span class='ocrx_word' id='word_1_158' title='bbox 976 1548 1058 1601; x_wconf 79' lang='grc' dir='ltr'>τὸν</span> <span class='ocrx_word' id='word_1_159' title='bbox 1085 1548 1266 1615; x_wconf 84' lang='grc' dir='ltr'>ἀγαθὸν</span> <span class='ocrx_word' id='word_1_160' title='bbox 1292 1549 1507 1612; x_wconf 86' lang='grc' dir='ltr'>πολίτην,</span> <span class='ocrx_word' id='word_1_161' title='bbox 1536 1546 1809 1614; x_wconf 63' lang='grc' dir='ltr'>ᾱὲπραττον.</span> <span class='ocrx_word' id='word_1_162' title='bbox 1826 1571 1863 1604; x_wconf 82' lang='lat'>25</span> 
     </span>
     <span class='ocr_line' id='line_1_30' title="bbox 289 1634 890 1705; baseline -0.003 -19"><span class='ocrx_word' id='word_1_163' title='bbox 289 1635 401 1701; x_wconf 83' lang='grc' dir='ltr'>λεγε</span> <span class='ocrx_word' id='word_1_164' title='bbox 427 1636 481 1686; x_wconf 83' lang='grc' dir='ltr'>τὸ</span> <span class='ocrx_word' id='word_1_165' title='bbox 507 1634 743 1705; x_wconf 79' lang='grc' dir='ltr'>ψήμισμά</span> <span class='ocrx_word' id='word_1_166' title='bbox 768 1641 890 1698; x_wconf 66' lang='grc' dir='ltr'>θμοι.</span> 
     </span>
     <span class='ocr_line' id='line_1_31' title="bbox 654 1745 1458 1791; baseline -0.005 0"><span class='ocrx_word' id='word_1_167' title='bbox 654 1745 950 1791; x_wconf 62' lang='lat' dir='ltr'>fWHspIEMA</span> <span class='ocrx_word' id='word_1_168' title='bbox 988 1747 1458 1789; x_wconf 77' lang='grc' dir='ltr'><strong>ΔΗΜΟΣΘΕΝΟΎΣ.</strong></span> 
     </span>
    </p>
   </div>
   <div class='ocr_carea' id='block_1_8' title="bbox 194 1827 1906 2290">
    <p class='ocr_par' dir='ltr' id='par_1_16' title="bbox 194 1827 1906 2290">
     <span class='ocr_line' id='line_1_32' title="bbox 194 1827 1812 1893; baseline -0.001 -21"><span class='ocrx_word' id='word_1_169' title='bbox 194 1851 275 1893; x_wconf 82' lang='lat'>232</span> <span class='ocrx_word' id='word_1_170' title='bbox 404 1833 527 1874; x_wconf 67' lang='grc' dir='ltr'>δἘπὶ</span> <span class='ocrx_word' id='word_1_171' title='bbox 548 1834 738 1887; x_wconf 84' lang='grc' dir='ltr'>ἄρχοντος</span> <span class='ocrx_word' id='word_1_172' title='bbox 759 1831 1046 1880; x_wconf 77' lang='grc' dir='ltr'>Ναυσικλέους,</span> <span class='ocrx_word' id='word_1_173' title='bbox 1070 1833 1198 1883; x_wconf 83' lang='grc' dir='ltr'>φυλῆς</span> <span class='ocrx_word' id='word_1_174' title='bbox 1223 1829 1539 1881; x_wconf 78' lang='grc' dir='ltr'>πρυτανευούσης</span> <span class='ocrx_word' id='word_1_175' title='bbox 1565 1827 1812 1877; x_wconf 52' lang='grc' dir='ltr'>ΠΑἰαντ-ίὸος,</span> 
     </span>
     <span class='ocr_line' id='line_1_33' title="bbox 348 1894 1813 1955; baseline -0.003 -15"><span class='ocrx_word' id='word_1_176' title='bbox 348 1905 655 1953; x_wconf 84' lang='grc' dir='ltr'>σκιροφοριῶνος</span> <span class='ocrx_word' id='word_1_177' title='bbox 690 1900 779 1955; x_wconf 82' lang='grc' dir='ltr'>ἕκτῃ</span> <span class='ocrx_word' id='word_1_178' title='bbox 809 1899 873 1939; x_wconf 81' lang='grc' dir='ltr'>ἐπὶ</span> <span class='ocrx_word' id='word_1_179' title='bbox 905 1897 1031 1947; x_wconf 55' lang='grc' dir='ltr'>Ῐὸέκα,</span> <span class='ocrx_word' id='word_1_180' title='bbox 1068 1897 1327 1948; x_wconf 85' lang='grc' dir='ltr'>Δημοσθένης</span> <span class='ocrx_word' id='word_1_181' title='bbox 1365 1894 1645 1946; x_wconf 85' lang='grc' dir='ltr'>Δημοσθένους</span> <span class='ocrx_word' id='word_1_182' title='bbox 1683 1899 1813 1935; x_wconf 84' lang='grc' dir='ltr'>Παια-</span> 
     </span>
     <span class='ocr_line' id='line_1_34' title="bbox 348 1961 1906 2018; baseline -0.005 -9"><span class='ocrx_word' id='word_1_183' title='bbox 348 1968 452 2011; x_wconf 82' lang='grc' dir='ltr'>νιεὺς</span> <span class='ocrx_word' id='word_1_184' title='bbox 483 1968 606 2017; x_wconf 79' lang='grc' dir='ltr'>εἶπεν,</span> <span class='ocrx_word' id='word_1_185' title='bbox 629 1967 761 2018; x_wconf 81' lang='grc' dir='ltr'>ἐπειδὴ</span> <span class='ocrx_word' id='word_1_186' title='bbox 782 1968 979 2008; x_wconf 88' lang='grc' dir='ltr'>Φίλιππος</span> <span class='ocrx_word' id='word_1_187' title='bbox 1010 1967 1030 2006; x_wconf 89' lang='grc' dir='ltr'>ὁ</span> <span class='ocrx_word' id='word_1_188' title='bbox 1063 1966 1306 2005; x_wconf 84' lang='grc' dir='ltr'>Μακεδόνων</span> <span class='ocrx_word' id='word_1_189' title='bbox 1332 1963 1556 2014; x_wconf 62' lang='grc' dir='ltr'>ιζβασιλεὺς</span> <span class='ocrx_word' id='word_1_190' title='bbox 1589 1962 1633 2003; x_wconf 84' lang='grc' dir='ltr'>ἔν</span> <span class='ocrx_word' id='word_1_191' title='bbox 1665 1961 1730 2002; x_wconf 79' lang='grc' dir='ltr'>Ῑτε</span> <span class='ocrx_word' id='word_1_192' title='bbox 1760 1965 1812 2017; x_wconf 73' lang='grc' dir='ltr'>τῷ</span> <span class='ocrx_word' id='word_1_193' title='bbox 1829 1966 1906 2018; x_wconf 87' lang='lat'>289</span> 
     </span>
     <span class='ocr_line' id='line_1_35' title="bbox 347 2029 1813 2090; baseline -0.005 -14"><span class='ocrx_word' id='word_1_194' title='bbox 347 2037 639 2088; x_wconf 87' lang='grc' dir='ltr'>παρεληλυθότι</span> <span class='ocrx_word' id='word_1_195' title='bbox 669 2036 799 2090; x_wconf 80' lang='grc' dir='ltr'>χρόνῳ</span> <span class='ocrx_word' id='word_1_196' title='bbox 830 2036 1090 2086; x_wconf 83' lang='grc' dir='ltr'>παραβαίνων</span> <span class='ocrx_word' id='word_1_197' title='bbox 1118 2033 1302 2085; x_wconf 81' lang='grc' dir='ltr'>φαίνεται</span> <span class='ocrx_word' id='word_1_198' title='bbox 1333 2033 1401 2073; x_wconf 79' lang='grc' dir='ltr'>τὰς</span> <span class='ocrx_word' id='word_1_199' title='bbox 1426 2029 1692 2083; x_wconf 82' lang='grc' dir='ltr'>γεγενημένας</span> <span class='ocrx_word' id='word_1_200' title='bbox 1713 2030 1813 2084; x_wconf 77' lang='grc' dir='ltr'>αὐτῷ</span> 
     </span>
     <span class='ocr_line' id='line_1_36' title="bbox 349 2098 1815 2154; baseline -0.003 -11"><span class='ocrx_word' id='word_1_201' title='bbox 349 2102 543 2153; x_wconf 86' lang='grc' dir='ltr'>συνθήκας</span> <span class='ocrx_word' id='word_1_202' title='bbox 557 2102 654 2154; x_wconf 81' lang='grc' dir='ltr'>πρὸς</span> <span class='ocrx_word' id='word_1_203' title='bbox 667 2101 737 2142; x_wconf 84' lang='grc' dir='ltr'>τὸν</span> <span class='ocrx_word' id='word_1_204' title='bbox 748 2101 970 2151; x_wconf 87' lang='grc' dir='ltr'>Ἀθηναίων</span> <span class='ocrx_word' id='word_1_205' title='bbox 985 2102 1106 2151; x_wconf 85' lang='grc' dir='ltr'>δῆμον</span> <span class='ocrx_word' id='word_1_206' title='bbox 1120 2099 1207 2151; x_wconf 84' lang='grc' dir='ltr'>περὶ</span> <span class='ocrx_word' id='word_1_207' title='bbox 1220 2102 1285 2149; x_wconf 81' lang='grc' dir='ltr'>τῆς</span> <span class='ocrx_word' id='word_1_208' title='bbox 1302 2098 1466 2150; x_wconf 85' lang='grc' dir='ltr'>εἰρήνης,</span> <span class='ocrx_word' id='word_1_209' title='bbox 1480 2098 1712 2149; x_wconf 66' lang='grc' dir='ltr'>ῐἩὺπέριὸἓιον</span> <span class='ocrx_word' id='word_1_210' title='bbox 1728 2098 1815 2139; x_wconf 86' lang='grc' dir='ltr'>τοὺς</span> 
     </span>
     <span class='ocr_line' id='line_1_37' title="bbox 349 2164 1844 2223; baseline -0.003 -13"><span class='ocrx_word' id='word_1_211' title='bbox 349 2171 486 2223; x_wconf 86' lang='grc' dir='ltr'>ὅρκους</span> <span class='ocrx_word' id='word_1_212' title='bbox 518 2170 579 2210; x_wconf 87' lang='grc' dir='ltr'>καὶ</span> <span class='ocrx_word' id='word_1_213' title='bbox 607 2171 687 2210; x_wconf 74' lang='grc' dir='ltr'>ῃτὰ</span> <span class='ocrx_word' id='word_1_214' title='bbox 714 2171 820 2221; x_wconf 77' lang='grc' dir='ltr'>παρὰ</span> <span class='ocrx_word' id='word_1_215' title='bbox 848 2171 947 2209; x_wconf 79' lang='grc' dir='ltr'>πᾶσι</span> <span class='ocrx_word' id='word_1_216' title='bbox 977 2172 1056 2210; x_wconf 85' lang='grc' dir='ltr'>τοῖς</span> <span class='ocrx_word' id='word_1_217' title='bbox 1077 2166 1254 2218; x_wconf 65' lang='grc' dir='ltr'>“Ἐλλησι</span> <span class='ocrx_word' id='word_1_218' title='bbox 1281 2167 1512 2218; x_wconf 82' lang='grc' dir='ltr'>νομιζόμενα</span> <span class='ocrx_word' id='word_1_219' title='bbox 1543 2164 1644 2205; x_wconf 77' lang='grc' dir='ltr'>εἶναι</span> <span class='ocrx_word' id='word_1_220' title='bbox 1671 2165 1844 2210; x_wconf 84' lang='grc' dir='ltr'>δίκαια,5</span> 
     </span>
     <span class='ocr_line' id='line_1_38' title="bbox 350 2233 1815 2290; baseline -0.004 -12"><span class='ocrx_word' id='word_1_221' title='bbox 350 2238 412 2278; x_wconf 86' lang='grc' dir='ltr'>καὶ</span> <span class='ocrx_word' id='word_1_222' title='bbox 441 2239 577 2279; x_wconf 71' lang='grc' dir='ltr'>πόλεις</span> <span class='ocrx_word' id='word_1_223' title='bbox 612 2240 890 2290; x_wconf 78' lang='grc' dir='ltr'>οπαραιρεῖται</span> <span class='ocrx_word' id='word_1_224' title='bbox 924 2236 1038 2276; x_wconf 80' lang='grc' dir='ltr'>οὐδὲν</span> <span class='ocrx_word' id='word_1_225' title='bbox 1071 2237 1172 2290; x_wconf 71' lang='grc' dir='ltr'>αὐτῷ</span> <span class='ocrx_word' id='word_1_226' title='bbox 1205 2234 1496 2287; x_wconf 86' lang='grc' dir='ltr'>προσηκούσας,</span> <span class='ocrx_word' id='word_1_227' title='bbox 1532 2235 1641 2276; x_wconf 79' lang='grc' dir='ltr'>τινὰς</span> <span class='ocrx_word' id='word_1_228' title='bbox 1677 2234 1719 2273; x_wconf 83' lang='grc' dir='ltr'>δὲ</span> <span class='ocrx_word' id='word_1_229' title='bbox 1753 2233 1815 2272; x_wconf 91' lang='grc' dir='ltr'>καὶ</span> 
     </span>
    </p>
   </div>
   <div class='ocr_carea' id='block_1_9' title="bbox 293 2403 1817 3041">
    <p class='ocr_par' dir='ltr' id='par_1_17' title="bbox 293 2403 1817 3041">
     <span class='ocr_line' id='line_1_39' title="bbox 347 2403 1814 2453; baseline -0.004 -11"><span class='ocrx_word' id='word_1_230' title='bbox 347 2405 357 2432; x_wconf 81' lang='lat' dir='ltr'>l</span> <span class='ocrx_word' id='word_1_231' title='bbox 377 2408 432 2442; x_wconf 87' lang='grc' dir='ltr'>διὰ</span> <span class='ocrx_word' id='word_1_232' title='bbox 451 2408 586 2441; x_wconf 87' lang='grc' dir='ltr'>πάντων</span> <span class='ocrx_word' id='word_1_233' title='bbox 606 2419 675 2441; x_wconf 88' lang='lat' dir='ltr'>om.</span> <span class='ocrx_word' id='word_1_234' title='bbox 698 2419 751 2453; x_wconf 84' lang='lat' dir='ltr'>pr.</span> <span class='ocrx_word' id='word_1_235' title='bbox 775 2406 811 2441; x_wconf 85' lang='lat' dir='ltr'>S.</span> <span class='ocrx_word' id='word_1_236' title='bbox 969 2411 1000 2430; x_wconf 82' lang='lat' dir='ltr'><strong>m</strong></span> <span class='ocrx_word' id='word_1_237' title='bbox 1032 2404 1129 2451; x_wconf 78' lang='grc' dir='ltr'>ι’ίχρι]</span> <span class='ocrx_word' id='word_1_238' title='bbox 1152 2404 1254 2450; x_wconf 84' lang='grc' dir='ltr'>μέχρι</span> <span class='ocrx_word' id='word_1_239' title='bbox 1274 2410 1301 2438; x_wconf 87' lang='lat' dir='ltr'>t.</span> <span class='ocrx_word' id='word_1_240' title='bbox 1460 2407 1478 2423; x_wconf 81' lang='lat'>¹¹</span> <span class='ocrx_word' id='word_1_241' title='bbox 1508 2403 1586 2448; x_wconf 76' lang='grc' dir='ltr'>ὑμῖν</span> <span class='ocrx_word' id='word_1_242' title='bbox 1605 2415 1676 2437; x_wconf 90' lang='lat' dir='ltr'>om.</span> <span class='ocrx_word' id='word_1_243' title='bbox 1698 2403 1814 2436; x_wconf 87' lang='lat' dir='ltr'>A.k.S.</span> 
     </span>
     <span class='ocr_line' id='line_1_40' title="bbox 293 2455 1813 2508; baseline -0.004 -13"><span class='ocrx_word' id='word_1_244' title='bbox 293 2468 312 2486; x_wconf 90' lang='lat'>0</span> <span class='ocrx_word' id='word_1_245' title='bbox 332 2460 531 2508; x_wconf 84' lang='grc' dir='ltr'>γενόμενον]</span> <span class='ocrx_word' id='word_1_246' title='bbox 553 2463 731 2506; x_wconf 82' lang='grc' dir='ltr'>γινόμενον</span> <span class='ocrx_word' id='word_1_247' title='bbox 750 2472 778 2493; x_wconf 84' lang='lat' dir='ltr'>r.</span> <span class='ocrx_word' id='word_1_248' title='bbox 873 2464 893 2492; x_wconf 90' lang='lat' dir='ltr'>P</span> <span class='ocrx_word' id='word_1_249' title='bbox 913 2458 1078 2504; x_wconf 80' lang='grc' dir='ltr'>Αἰσχίνη]</span> <span class='ocrx_word' id='word_1_250' title='bbox 1102 2455 1128 2492; x_wconf 64' lang='grc' dir='ltr'>αἶ</span> <span class='ocrx_word' id='word_1_251' title='bbox 1147 2457 1285 2503; x_wconf 83' lang='grc' dir='ltr'>αἷσχίνη</span> <span class='ocrx_word' id='word_1_252' title='bbox 1306 2458 1341 2491; x_wconf 92' lang='lat' dir='ltr'>k.</span> <span class='ocrx_word' id='word_1_253' title='bbox 1437 2462 1456 2490; x_wconf 81' lang='grc'>(1</span> <span class='ocrx_word' id='word_1_254' title='bbox 1477 2457 1541 2503; x_wconf 82' lang='grc' dir='ltr'>θῶ]</span> <span class='ocrx_word' id='word_1_255' title='bbox 1566 2457 1623 2502; x_wconf 83' lang='grc' dir='ltr'>φῶ</span> <span class='ocrx_word' id='word_1_256' title='bbox 1642 2457 1678 2490; x_wconf 86' lang='lat' dir='ltr'>k.</span> <span class='ocrx_word' id='word_1_257' title='bbox 1709 2455 1813 2490; x_wconf 84' lang='lat' dir='ltr'>Conf.</span> 
     </span>
     <span class='ocr_line' id='line_1_41' title="bbox 293 2510 1817 2560; baseline -0.005 -11"><span class='ocrx_word' id='word_1_258' title='bbox 293 2528 364 2549; x_wconf 86' lang='lat' dir='ltr'>var.</span> <span class='ocrx_word' id='word_1_259' title='bbox 386 2516 466 2549; x_wconf 77' lang='lat' dir='ltr'>lect.</span> <span class='ocrx_word' id='word_1_260' title='bbox 487 2515 529 2548; x_wconf 83' lang='lat' dir='ltr'>ad</span> <span class='ocrx_word' id='word_1_261' title='bbox 550 2527 587 2560; x_wconf 89' lang='lat' dir='ltr'>p.</span> <span class='ocrx_word' id='word_1_262' title='bbox 610 2512 696 2555; x_wconf 83' lang='lat'><strong>268,</strong></span> <span class='ocrx_word' id='word_1_263' title='bbox 720 2524 782 2560; x_wconf 85' lang='lat'>29.</span> <span class='ocrx_word' id='word_1_264' title='bbox 907 2518 921 2537; x_wconf 69' lang='grc' dir='ltr'><strong><em>Γ</em></strong></span> <span class='ocrx_word' id='word_1_265' title='bbox 940 2513 1001 2556; x_wconf 82' lang='grc' dir='ltr'>μὲν</span> <span class='ocrx_word' id='word_1_266' title='bbox 1022 2525 1090 2546; x_wconf 88' lang='lat' dir='ltr'>om.</span> <span class='ocrx_word' id='word_1_267' title='bbox 1113 2513 1148 2545; x_wconf 90' lang='lat' dir='ltr'>k.</span> <span class='ocrx_word' id='word_1_268' title='bbox 1286 2516 1300 2535; x_wconf 76' lang='lat' dir='ltr'>S</span> <span class='ocrx_word' id='word_1_269' title='bbox 1320 2511 1495 2552; x_wconf 78' lang='grc' dir='ltr'>,Βάτταλον</span> <span class='ocrx_word' id='word_1_270' title='bbox 1517 2511 1594 2545; x_wconf 87' lang='lat' dir='ltr'>S.k.</span> <span class='ocrx_word' id='word_1_271' title='bbox 1625 2510 1817 2555; x_wconf 85' lang='grc' dir='ltr'>κατάλογον</span> 
     </span>
     <span class='ocr_line' id='line_1_42' title="bbox 293 2563 1813 2614; baseline -0.005 -11"><span class='ocrx_word' id='word_1_272' title='bbox 293 2582 328 2614; x_wconf 88' lang='lat' dir='ltr'>p.</span> <span class='ocrx_word' id='word_1_273' title='bbox 361 2569 584 2602; x_wconf 79' lang='lat' dir='ltr'>scribebatur</span> <span class='ocrx_word' id='word_1_274' title='bbox 606 2569 772 2607; x_wconf 81' lang='grc' dir='ltr'>Βάταλον,</span> <span class='ocrx_word' id='word_1_275' title='bbox 790 2572 825 2601; x_wconf 84' lang='lat' dir='ltr'>et</span> <span class='ocrx_word' id='word_1_276' title='bbox 843 2567 963 2612; x_wconf 81' lang='lat' dir='ltr'>paullo</span> <span class='ocrx_word' id='word_1_277' title='bbox 983 2572 1063 2611; x_wconf 81' lang='lat' dir='ltr'><strong>post</strong></span> <span class='ocrx_word' id='word_1_278' title='bbox 1084 2566 1249 2599; x_wconf 79' lang='grc' dir='ltr'>Βάταλος.</span> <span class='ocrx_word' id='word_1_279' title='bbox 1280 2565 1325 2599; x_wconf 90' lang='lat' dir='ltr'>V.</span> <span class='ocrx_word' id='word_1_280' title='bbox 1347 2577 1425 2610; x_wconf 81' lang='lat' dir='ltr'>quae</span> <span class='ocrx_word' id='word_1_281' title='bbox 1452 2564 1496 2598; x_wconf 85' lang='lat' dir='ltr'>ad</span> <span class='ocrx_word' id='word_1_282' title='bbox 1517 2564 1687 2609; x_wconf 85' lang='lat' dir='ltr'>Stephani</span> <span class='ocrx_word' id='word_1_283' title='bbox 1708 2563 1813 2596; x_wconf 82' lang='lat' dir='ltr'>Thes.</span> 
     </span>
     <span class='ocr_line' id='line_1_43' title="bbox 295 2615 1816 2667; baseline -0.004 -11"><span class='ocrx_word' id='word_1_284' title='bbox 295 2622 367 2656; x_wconf 84' lang='lat' dir='ltr'>dixi</span> <span class='ocrx_word' id='word_1_285' title='bbox 385 2623 454 2656; x_wconf 88' lang='lat' dir='ltr'>vol.</span> <span class='ocrx_word' id='word_1_286' title='bbox 480 2633 512 2656; x_wconf 85' lang='lat'>2.</span> <span class='ocrx_word' id='word_1_287' title='bbox 534 2634 569 2667; x_wconf 89' lang='lat' dir='ltr'>p.</span> <span class='ocrx_word' id='word_1_288' title='bbox 592 2619 676 2655; x_wconf 76' lang='lat'>186.</span> <span class='ocrx_word' id='word_1_289' title='bbox 761 2619 775 2645; x_wconf 68' lang='lat' dir='ltr'><strong>t</strong></span> <span class='ocrx_word' id='word_1_290' title='bbox 796 2620 853 2665; x_wconf 83' lang='grc' dir='ltr'>σέ]</span> <span class='ocrx_word' id='word_1_291' title='bbox 878 2620 923 2654; x_wconf 84' lang='grc' dir='ltr'>σὺ</span> <span class='ocrx_word' id='word_1_292' title='bbox 944 2620 987 2654; x_wconf 90' lang='grc' dir='ltr'>Ο.</span> <span class='ocrx_word' id='word_1_293' title='bbox 1071 2625 1085 2640; x_wconf 86' lang='lat'>¹¹</span> <span class='ocrx_word' id='word_1_294' title='bbox 1108 2617 1192 2664; x_wconf 75' lang='grc' dir='ltr'>ἥρω]</span> <span class='ocrx_word' id='word_1_295' title='bbox 1218 2618 1308 2664; x_wconf 74' lang='grc' dir='ltr'>ἥρωα</span> <span class='ocrx_word' id='word_1_296' title='bbox 1327 2618 1635 2663; x_wconf 81' lang='lat' dir='ltr'>F.S.Y.p.r.t.u.V.</span> <span class='ocrx_word' id='word_1_297' title='bbox 1666 2616 1749 2662; x_wconf 81' lang='grc' dir='ltr'>ἥροα</span> <span class='ocrx_word' id='word_1_298' title='bbox 1771 2615 1816 2650; x_wconf 91' lang='grc' dir='ltr'>Ο.</span> 
     </span>
     <span class='ocr_line' id='line_1_44' title="bbox 295 2670 1815 2722; baseline -0.004 -13"><span class='ocrx_word' id='word_1_299' title='bbox 295 2682 311 2698; x_wconf 72' lang='grc' dir='ltr'><strong>Χ</strong></span> <span class='ocrx_word' id='word_1_300' title='bbox 333 2677 490 2722; x_wconf 82' lang='grc' dir='ltr'>κολλυτῷ</span> <span class='ocrx_word' id='word_1_301' title='bbox 508 2676 543 2709; x_wconf 88' lang='lat' dir='ltr'>k.</span> <span class='ocrx_word' id='word_1_302' title='bbox 574 2676 719 2709; x_wconf 88' lang='grc' dir='ltr'>κολυτωι</span> <span class='ocrx_word' id='word_1_303' title='bbox 741 2674 775 2708; x_wconf 90' lang='lat' dir='ltr'>S.</span> <span class='ocrx_word' id='word_1_304' title='bbox 809 2674 1032 2708; x_wconf 83' lang='lat' dir='ltr'>Scribebatur</span> <span class='ocrx_word' id='word_1_305' title='bbox 1053 2675 1227 2719; x_wconf 80' lang='grc' dir='ltr'>Κολυττῷ.</span> <span class='ocrx_word' id='word_1_306' title='bbox 1376 2675 1390 2698; x_wconf 88' lang='lat' dir='ltr'>y</span> <span class='ocrx_word' id='word_1_307' title='bbox 1412 2674 1517 2706; x_wconf 80' lang='grc' dir='ltr'>κακῶς</span> <span class='ocrx_word' id='word_1_308' title='bbox 1531 2670 1815 2715; x_wconf 83' lang='lat' dir='ltr'>A.F.S.O.k.p.r.</span> 
     </span>
     <span class='ocr_line' id='line_1_45' title="bbox 295 2723 1814 2774; baseline -0.005 -11"><span class='ocrx_word' id='word_1_309' title='bbox 295 2735 426 2764; x_wconf 83' lang='lat' dir='ltr'>s.t.u.v.</span> <span class='ocrx_word' id='word_1_310' title='bbox 457 2729 509 2762; x_wconf 79' lang='grc' dir='ltr'>καὶ</span> <span class='ocrx_word' id='word_1_311' title='bbox 524 2729 566 2762; x_wconf 91' lang='lat' dir='ltr'>Y.</span> <span class='ocrx_word' id='word_1_312' title='bbox 598 2728 798 2774; x_wconf 80' lang='lat' dir='ltr'>Legebatur</span> <span class='ocrx_word' id='word_1_313' title='bbox 817 2728 916 2762; x_wconf 79' lang='grc' dir='ltr'>κακὸς</span> <span class='ocrx_word' id='word_1_314' title='bbox 935 2730 1053 2762; x_wconf 82' lang='grc' dir='ltr'>κακῶς,</span> <span class='ocrx_word' id='word_1_315' title='bbox 1130 2732 1147 2750; x_wconf 80' lang='lat'><strong>2</strong></span> <span class='ocrx_word' id='word_1_316' title='bbox 1170 2725 1430 2771; x_wconf 81' lang='grc' dir='ltr'>ὑποκρινόμενος</span> <span class='ocrx_word' id='word_1_317' title='bbox 1448 2737 1518 2759; x_wconf 89' lang='lat' dir='ltr'>om.</span> <span class='ocrx_word' id='word_1_318' title='bbox 1535 2736 1588 2770; x_wconf 89' lang='lat' dir='ltr'>pr.</span> <span class='ocrx_word' id='word_1_319' title='bbox 1610 2724 1644 2758; x_wconf 88' lang='lat' dir='ltr'>S.</span> <span class='ocrx_word' id='word_1_320' title='bbox 1712 2728 1731 2748; x_wconf 70' lang='lat' dir='ltr'>a</span> <span class='ocrx_word' id='word_1_321' title='bbox 1751 2723 1814 2769; x_wconf 85' lang='grc' dir='ltr'>σὺ]</span> 
     </span>
     <span class='ocr_line' id='line_1_46' title="bbox 295 2775 1814 2828; baseline -0.004 -12"><span class='ocrx_word' id='word_1_322' title='bbox 295 2784 354 2817; x_wconf 88' lang='grc' dir='ltr'>σοὶ</span> <span class='ocrx_word' id='word_1_323' title='bbox 373 2784 417 2817; x_wconf 90' lang='lat' dir='ltr'>A.</span> <span class='ocrx_word' id='word_1_324' title='bbox 530 2778 550 2806; x_wconf 80' lang='lat' dir='ltr'>b</span> <span class='ocrx_word' id='word_1_325' title='bbox 570 2782 695 2828; x_wconf 86' lang='grc' dir='ltr'>πάντα]</span> <span class='ocrx_word' id='word_1_326' title='bbox 720 2780 852 2815; x_wconf 82' lang='grc' dir='ltr'>ἅπαντα</span> <span class='ocrx_word' id='word_1_327' title='bbox 871 2781 983 2814; x_wconf 80' lang='lat' dir='ltr'>A.k.s.</span> <span class='ocrx_word' id='word_1_328' title='bbox 1095 2785 1111 2804; x_wconf 79' lang='lat'><strong>⁰</strong></span> <span class='ocrx_word' id='word_1_329' title='bbox 1131 2778 1215 2826; x_wconf 84' lang='grc' dir='ltr'>ὅσα]</span> <span class='ocrx_word' id='word_1_330' title='bbox 1239 2777 1259 2812; x_wconf 74' lang='grc' dir='ltr'><em>ἃ</em></span> <span class='ocrx_word' id='word_1_331' title='bbox 1279 2779 1360 2812; x_wconf 90' lang='lat' dir='ltr'>A.k.</span> <span class='ocrx_word' id='word_1_332' title='bbox 1462 2775 1477 2798; x_wconf 76' lang='lat'>‘¹</span> <span class='ocrx_word' id='word_1_333' title='bbox 1497 2779 1666 2823; x_wconf 76' lang='grc' dir='ltr'>ἔπραττον</span> <span class='ocrx_word' id='word_1_334' title='bbox 1681 2789 1750 2811; x_wconf 89' lang='lat' dir='ltr'>om.</span> <span class='ocrx_word' id='word_1_335' title='bbox 1772 2777 1814 2810; x_wconf 89' lang='lat' dir='ltr'>Y.</span> 
     </span>
     <span class='ocr_line' id='line_1_47' title="bbox 295 2830 1817 2880; baseline -0.005 -11"><span class='ocrx_word' id='word_1_336' title='bbox 295 2842 311 2861; x_wconf 70' lang='grc' dir='ltr'>θ</span> <span class='ocrx_word' id='word_1_337' title='bbox 330 2850 389 2880; x_wconf 87' lang='grc' dir='ltr'>μοι</span> <span class='ocrx_word' id='word_1_338' title='bbox 408 2835 526 2869; x_wconf 82' lang='lat' dir='ltr'>addidi</span> <span class='ocrx_word' id='word_1_339' title='bbox 546 2847 589 2869; x_wconf 84' lang='lat' dir='ltr'>ex</span> <span class='ocrx_word' id='word_1_340' title='bbox 611 2835 737 2870; x_wconf 87' lang='lat' dir='ltr'>A.S.k.</span> <span class='ocrx_word' id='word_1_341' title='bbox 867 2831 881 2858; x_wconf 84' lang='lat' dir='ltr'>f</span> <span class='ocrx_word' id='word_1_342' title='bbox 900 2838 1241 2867; x_wconf 82' lang='grc' dir='ltr'>ΔΗΜΟΣΘΕΝΟΥΣ</span> <span class='ocrx_word' id='word_1_343' title='bbox 1262 2844 1331 2866; x_wconf 88' lang='lat' dir='ltr'>om.</span> <span class='ocrx_word' id='word_1_344' title='bbox 1354 2831 1438 2867; x_wconf 85' lang='lat' dir='ltr'>O.u.</span> <span class='ocrx_word' id='word_1_345' title='bbox 1568 2836 1590 2865; x_wconf 77' lang='lat' dir='ltr'>g</span> <span class='ocrx_word' id='word_1_346' title='bbox 1610 2830 1817 2876; x_wconf 76' lang='lat' dir='ltr'>psephisma</span> 
     </span>
     <span class='ocr_line' id='line_1_48' title="bbox 295 2881 1815 2934; baseline -0.004 -11"><span class='ocrx_word' id='word_1_347' title='bbox 295 2902 367 2924; x_wconf 92' lang='lat' dir='ltr'>om.</span> <span class='ocrx_word' id='word_1_348' title='bbox 389 2891 432 2923; x_wconf 95' lang='lat' dir='ltr'>A.</span> <span class='ocrx_word' id='word_1_349' title='bbox 548 2886 562 2908; x_wconf 78' lang='lat'>¹¹</span> <span class='ocrx_word' id='word_1_350' title='bbox 583 2888 777 2934; x_wconf 79' lang='grc' dir='ltr'>Αἰαντίδος]</span> <span class='ocrx_word' id='word_1_351' title='bbox 801 2888 1005 2922; x_wconf 81' lang='grc' dir='ltr'>αἷτιαντῖδος</span> <span class='ocrx_word' id='word_1_352' title='bbox 1025 2886 1071 2921; x_wconf 89' lang='lat' dir='ltr'>O.</span> <span class='ocrx_word' id='word_1_353' title='bbox 1182 2883 1191 2911; x_wconf 70' lang='lat' dir='ltr'>i</span> <span class='ocrx_word' id='word_1_354' title='bbox 1212 2884 1308 2931; x_wconf 85' lang='grc' dir='ltr'>δέκα]</span> <span class='ocrx_word' id='word_1_355' title='bbox 1335 2885 1448 2919; x_wconf 86' lang='grc' dir='ltr'>δεκάδι</span> <span class='ocrx_word' id='word_1_356' title='bbox 1467 2889 1564 2930; x_wconf 84' lang='lat' dir='ltr'>p.r.t.</span> <span class='ocrx_word' id='word_1_357' title='bbox 1676 2881 1693 2905; x_wconf 83' lang='lat' dir='ltr'>k</span> <span class='ocrx_word' id='word_1_358' title='bbox 1712 2885 1815 2925; x_wconf 86' lang='grc' dir='ltr'>βασι-</span> 
     </span>
     <span class='ocr_line' id='line_1_49' title="bbox 294 2936 1817 2986; baseline -0.005 -10"><span class='ocrx_word' id='word_1_359' title='bbox 294 2943 375 2978; x_wconf 79' lang='grc' dir='ltr'>λεὺς</span> <span class='ocrx_word' id='word_1_360' title='bbox 394 2955 465 2978; x_wconf 89' lang='lat' dir='ltr'>om.</span> <span class='ocrx_word' id='word_1_361' title='bbox 487 2941 619 2981; x_wconf 85' lang='lat' dir='ltr'>F.S.Q.</span> <span class='ocrx_word' id='word_1_362' title='bbox 728 2939 740 2966; x_wconf 86' lang='grc' dir='ltr'><strong>Ῑ</strong></span> <span class='ocrx_word' id='word_1_363' title='bbox 759 2956 797 2975; x_wconf 83' lang='grc' dir='ltr'>τε</span> <span class='ocrx_word' id='word_1_364' title='bbox 816 2953 886 2975; x_wconf 88' lang='lat' dir='ltr'>om.</span> <span class='ocrx_word' id='word_1_365' title='bbox 906 2941 1018 2986; x_wconf 86' lang='lat' dir='ltr'>Y.p.r.</span> <span class='ocrx_word' id='word_1_366' title='bbox 1130 2945 1160 2964; x_wconf 82' lang='lat'>¹¹¹</span> <span class='ocrx_word' id='word_1_367' title='bbox 1181 2938 1365 2985; x_wconf 83' lang='grc' dir='ltr'>ὑπεριδὼν]</span> <span class='ocrx_word' id='word_1_368' title='bbox 1388 2938 1574 2984; x_wconf 80' lang='grc' dir='ltr'>ὑπερειδὼν</span> <span class='ocrx_word' id='word_1_369' title='bbox 1594 2938 1629 2973; x_wconf 87' lang='lat' dir='ltr'>S.</span> <span class='ocrx_word' id='word_1_370' title='bbox 1734 2942 1753 2961; x_wconf 80' lang='lat'>¹¹</span> <span class='ocrx_word' id='word_1_371' title='bbox 1773 2936 1817 2970; x_wconf 88' lang='grc' dir='ltr'>τὰ</span> 
     </span>
     <span class='ocr_line' id='line_1_50' title="bbox 297 2994 1101 3041; baseline -0.005 -11"><span class='ocrx_word' id='word_1_372' title='bbox 297 3008 366 3030; x_wconf 86' lang='lat' dir='ltr'>om.</span> <span class='ocrx_word' id='word_1_373' title='bbox 388 2996 430 3030; x_wconf 90' lang='lat' dir='ltr'>Y.</span> <span class='ocrx_word' id='word_1_374' title='bbox 541 3002 559 3020; x_wconf 90' lang='lat'><strong>0</strong></span> <span class='ocrx_word' id='word_1_375' title='bbox 579 2995 808 3041; x_wconf 85' lang='grc' dir='ltr'>παραιρεῖται]</span> <span class='ocrx_word' id='word_1_376' title='bbox 832 2996 1044 3040; x_wconf 86' lang='grc' dir='ltr'>παραιτεῖται</span> <span class='ocrx_word' id='word_1_377' title='bbox 1065 2994 1101 3027; x_wconf 90' lang='lat' dir='ltr'>S.</span> 
     </span>
    </p>
   </div>
   <div class='ocr_carea' id='block_1_10' title="bbox 1905 467 1930 3266">
    <p class='ocr_par' dir='ltr' id='par_1_18' title="bbox 1905 467 1930 3266">
     <span class='ocr_line' id='line_1_51' title="bbox 1905 467 1930 3266; baseline 0 0"><span class='ocrx_word' id='word_1_378' title='bbox 1905 467 1930 3266; x_wconf 95' lang='lat' dir='ltr'> </span> 
     </span>
    </p>
   </div>
  </div>
 </body>
</html>
