1882 3250
1839 0 1882 204 ’ἔ

262 191 317 230 44
803 195 1229 234 ΔΗΜΟΣΘΕΝΟΎΣ
1431 195 1516 234 οη.
1539 195 1628 236 111.
1651 210 1692 250 p.
1710 196 1781 249 38,
1795 213 1833 240 αι
1877 245 1879 256 Ι

261 305 404 366 Ζὺμᾶς
445 302 559 369 ὑπὲρ
598 306 726 367 ὑμῶν
760 306 937 356 Βαύτῶν
978 305 1095 374 ἀξιῶ
1141 305 1363 372 πράττειν
1406 313 1550 358 ταῦτα
1592 309 1663 375 ἐφ’
1703 307 1771 361 οἷς
1824 345 1827 348 -

262 386 441 452 ἑτέρους
478 391 653 450 τιμᾶτε,
693 390 767 438 καὶ
804 387 870 452 μὴ
907 394 1218 455 παραχωρεῖν,
1245 386 1282 439 ὦ
1317 388 1481 456 ἄνδρες
1513 391 1818 454 Ἀθηναῖοι,α,ς

260 473 343 533 τῆς
368 469 559 537 τάξεως,
587 470 644 534 ἣν
671 473 777 532 ὑμῖν
805 475 846 521 οἱ
871 472 1097 537 πρόγονοι
1134 475 1217 535 τῆς
1242 474 1406 538 ἀρετῆς
1431 474 1549 537 μετὰ
1572 479 1772 525 πολλῶν

261 556 337 605 καὶ
364 552 552 603 ι’καλῶν
577 553 800 604 κινδύνων
826 554 1111 619 κτησάμενοι
1137 556 1402 608 κατέλιπον.

191 658 248 697 44
336 635 514 703 Σχεδὸν
554 636 710 702 ε’ίρηκα
752 635 781 688 ἂ
819 638 986 704 νομίζω
1024 639 1300 707 συμφέρειν·
1345 641 1470 703 ὑμεῖς
1508 641 1545 690 δ’
1583 641 1774 692 ἕλοισθε

259 721 284 772 ὅ
311 743 354 771 τι
380 722 454 771 καὶ
481 725 538 788 τῇ
563 719 700 772 πόλει
727 725 802 772 καὶ
829 721 1007 772 εἅπασι
1034 724 1274 773 συνοίσειν
1301 725 1406 786 ὑμῖν
1431 723 1448 750 ‘¹
1456 724 1635 788 μέλλει.

841 893 1197 920 -ss—

977 1027 1049 1083 Δ.

616 1185 839 1239 ΚΑΤΑ
889 1187 1295 1240 ΦΙΛΙΠΠΟΎ*
1345 1187 1418 1240 Α.

859 1390 874 1410 ⁸
889 1390 1125 1420 ΥΠΟΘΕΣῘΣ.

310 1477 426 1510 Κακῶς
449 1475 485 1509 ἐν
510 1482 557 1523 τῷ
583 1475 724 1524 πολέμῳ
743 1479 791 1524 τῷ
814 1478 900 1523 πρὸς
925 1479 1096 1513 Φίλιππον
1125 1479 1156 1512 οί
1175 1477 1346 1521 Ἀθηναῖοι
1369 1478 1551 1523 φερόμενοι
1579 1477 1767 1521 συνεληλύτ
1784 1478 1857 1520 39.

254 1539 356 1573 θασιν
388 1540 434 1575 εἷς
469 1540 651 1584 ἐκκλησίαν
681 1542 900 1586 ἀθυμοῦντες.
949 1544 967 1575 ὁ
1000 1543 1114 1576 τοίνυν
1141 1542 1254 1588 ῥήτωρ
1284 1541 1344 1586 τήν
1377 1557 1414 1576 τε
1441 1541 1584 1586 ἀθυμίαν
1617 1543 1770 1587 πειρᾶται

253 1669 383 1712 ηγεῖται
411 1671 482 1703 πῶς
514 1667 555 1702 ἂν
583 1669 709 1714 ἄριστα
739 1672 786 1716 τῷ
814 1668 954 1717 πολέμῳ
986 1671 1260 1715 προσενεχθεῖεν.
1291 1667 1419 1703 κελεύει
1448 1669 1517 1703 ἕδέ
1549 1665 1644 1703 ὴδύο
1669 1669 1769 1703 δυνά-

253 1746 326 1776 μεις
355 1733 696 1778 παρασκευάσασθαι,
729 1734 809 1777 μίαν
838 1734 900 1777 μὲν
932 1735 1045 1778 μείζω,
1077 1734 1266 1777 πολιτικὴν,
1300 1734 1370 1777 ἥτις
1397 1731 1481 1766 οἴκοι
1509 1733 1661 1777 μένουσα
1686 1734 1773 1779 πρὸς

253 1797 313 1831 τὰς
343 1793 448 1830 ἰκατὰ
476 1798 590 1843 καιρὸν
619 1798 736 1844 χρείας
769 1797 901 1841 ἕτοιμος
930 1798 1082 1843 ὑπάρξει·
1114 1796 1262 1843 Κὲτέραν
1300 1799 1336 1832 δέ
1373 1794 1542 1837 Ῑέλάττω,
1575 1798 1680 1842 ξένων
1713 1796 1768 1831 ὅν-

251 1874 319 1893 των
352 1865 461 1895 111τῶν
499 1863 789 1906 στρατευομένων,
825 1864 1129 1908 παραμεμιγμένων
1167 1863 1203 1896 δέ
1242 1863 1334 1896 11καὶ
1373 1864 1569 1902 οπολιτῶν,
1608 1861 1768 1897 Ρκελεὺει
1786 1865 1852 1897 ¹0¹

252 1924 297 1968 μὴ
325 1923 490 1968 Ἀθήνησι
520 1926 643 1969 μένειν,
669 1927 753 1970 μηδὲ
780 1927 815 1960 ἐκ
844 1928 904 1970 τῆς
931 1929 1063 1962 πόλεως
1092 1927 1264 1961 ποιεῖσθαι
1295 1927 1354 1961 τὰς
1380 1926 1550 1969 βοηθείας,
1578 1925 1668 1960 ἀλλὰ
1693 1928 1770 1973 περὶ

252 1988 313 2032 τὴν
342 1989 552 2023 Μακεδονίαν
577 1989 857 2035 ἀναστρέφεσθαι
883 1992 1105 2034 πολεμοῦσαν
1135 1990 1371 2030 ἀδιαλείπτως,
1399 1988 1451 2023 ἵνα
1481 1990 1525 2034 μὴ
1552 1990 1631 2025 τοὺς
1660 1990 1769 2034 (Ιέτη-

253 2052 331 2087 σίας
363 2052 526 2089 πνέοντας
560 2053 768 2100 ἐπιτηρήσας
795 2056 813 2088 ὁ
845 2055 1015 2090 Φίλιππος
1045 2053 1063 2098 ἢ
1095 2056 1148 2088 καὶ
1180 2056 1240 2088 τὸν
1271 2058 1431 2100 χειμῶνα,
1467 2053 1560 2097 ἡνίκα
1587 2052 1770 2098 Ἀθήνηθεν
1785 2063 1821 2097 15
1846 2054 1854 2069 ”

251 2116 299 2151 εἷς
324 2117 535 2151 Μακεδονίαν
556 2119 657 2152 πλεῖν
682 2119 721 2152 οὐ
744 2119 899 2159 δυνατὸν,
921 2118 1074 2164 ἐπιχειρῇ
1101 2120 1173 2154 τοῖς
1195 2120 1373 2164 πράγμασι
1400 2119 1452 2152 καὶ
1476 2118 1567 2162 παρὰ
1585 2118 1645 2162 τὴν
1664 2117 1769 2152 ἀπου-

253 2180 332 2214 σίαν
357 2181 417 2224 τὴν
443 2184 510 2215 τῶν
528 2181 711 2226 Ἀθηναίων
731 2182 886 2219 ἁπάντων
912 2186 1029 2230 κρατῇ,
1049 2182 1128 2217 ἀλλ’
1154 2183 1256 2229 ἐγγὺς
1280 2183 1299 2227 ἡ
1325 2183 1411 2229 πρὸς
1440 2183 1569 2216 Γαύτὸν
1594 2181 1771 2228 ἀντιταξο-

251 2244 332 2289 μένη
353 2244 492 2290 δύναμις
512 2247 681 2293 ὅὺπάρχῃ.

307 2416 321 2432 ²
342 2410 443 2457 ὑμᾶς]
468 2412 552 2456 ὑμᾶς
571 2413 693 2449 αὐτοὺς
714 2413 807 2454 F.u.,
826 2426 901 2453 non
922 2414 963 2449 B.
1066 2421 1086 2440 a
1104 2415 1214 2449 αὐτῶν
1234 2426 1303 2449 om.
1326 2413 1371 2447 Ο.
1476 2409 1492 2432 b
1511 2413 1638 2460 καλῶν]
1660 2415 1771 2449 καλῶν

252 2465 305 2498 καὶ
322 2465 481 2510 μεγάλων
500 2466 624 2500 A.Y.u.
736 2473 752 2492 0
770 2466 879 2502 ἅπασι
900 2466 1075 2502 συνοίσειν
1096 2468 1188 2515 ὑμῖν]
1209 2470 1316 2502 πᾶσιν
1336 2466 1413 2510 ὑμῖν
1433 2465 1608 2500 συνοίσειν
1626 2468 1668 2502 Α.
1713 2468 1770 2503 Sic

252 2530 288 2563 p.
312 2525 374 2565 55,
397 2516 432 2552 6.
454 2518 552 2566 νικῴη
573 2518 602 2553 δ’
622 2519 674 2554 ὅτι
693 2522 800 2555 πᾶσιν
820 2521 897 2565 ὑμῖν
916 2523 1036 2564 μέλλει
1057 2522 1244 2557 συνοίσειν.
1409 2515 1427 2543 d
1456 2518 1595 2565 μέλλει]
1623 2521 1666 2555 In
1685 2521 1768 2556 B.S.

252 2568 489 2617 subscriptum
526 2572 724 2609 ὀλυνθιακὸς
761 2589 796 2620 γ.
833 2580 1046 2610 ΗΗΗΔΔΠ.
1080 2576 1201 2622 (325.)
1258 2574 1300 2608 In
1334 2574 1376 2608 B.
1410 2584 1530 2606 versus
1565 2580 1647 2608 sunt
1677 2582 1769 2623 335.

252 2632 269 2650 θ
296 2627 537 2674 ΥΠΟΘΕΣΙΣ]
570 2627 830 2673 Argumentum
861 2641 881 2662 a
910 2641 957 2662 m.
988 2629 1106 2669 seculi,
1137 2635 1177 2663 ut
1207 2628 1355 2667 videtur,
1385 2625 1562 2661 undecimi
1592 2628 1699 2663 habet
1733 2629 1769 2663 S.

252 2674 267 2701 f
284 2679 395 2724 λέγων
414 2691 483 2713 om.
504 2692 539 2714 u.
687 2686 708 2714 g
727 2681 763 2715 δὲ
784 2681 990 2716 B.F.O.u.v.
1021 2683 1060 2726 δὴ
1079 2683 1197 2729 vulgo.
1343 2677 1365 2705 h
1385 2678 1444 2714 δύο
1465 2691 1535 2713 om.
1558 2679 1768 2716 B.F.O.u.v.

253 2729 261 2753 '¹
281 2732 364 2765 κατὰ
384 2733 499 2778 καιρὸν
520 2734 555 2768 S.
586 2734 639 2768 ἐπὶ
661 2737 784 2780 καιρῶν
803 2741 979 2769 correctus
999 2735 1043 2770 Y.
1077 2739 1144 2770 τῶν
1164 2734 1343 2780 ἐπικαίρων
1362 2733 1480 2779 vulgo.
1591 2731 1609 2755 k
1630 2735 1764 2782 ἑτέραν]

252 2783 366 2829 ἕτερον
386 2785 427 2820 B.
537 2783 548 2811 Ῑ
568 2787 700 2822 ἐλάττω
722 2788 758 2822 S.
790 2788 955 2823 ἐλάττονα
973 2789 1091 2835 vulgo.
1214 2794 1244 2813 ¹¹¹
1264 2791 1330 2822 τῶν
1349 2799 1418 2821 om.
1439 2799 1474 2820 u.
1587 2794 1607 2813 Π
1627 2790 1680 2823 καὶ
1699 2800 1768 2823 om.

253 2837 377 2872 B.F.S.
490 2844 508 2864 ⁰
527 2843 678 2875 πολιτῶν
698 2842 831 2876 addidit
853 2842 1061 2877 Schaeferus.
1165 2847 1184 2875 P
1204 2840 1333 2876 κελεύει
1351 2840 1535 2875 Frankius.
1570 2842 1770 2888 Legebatur

252 2890 380 2924 κελεύει
399 2892 460 2935 τὴν
479 2892 628 2939 δύναμιν.
741 2902 761 2928 q
781 2895 934 2941 ἐτησίας]
959 2895 1114 2939 ἐτησίους
1134 2895 1180 2930 Ο.
1212 2895 1355 2939 ἐτησίως
1376 2896 1416 2929 Β.
1535 2902 1551 2922 ¹⁸
1569 2895 1687 2942 αὐτὸν]
1711 2895 1769 2930 αὔ-

251 2946 317 2977 τῶν
335 2951 511 2979 correctus
531 2959 565 2980 u.
692 2955 705 2974 S
727 2948 878 2995 ὑπάρχῃ]
903 2950 988 2994 πρὸς
1008 2949 1110 2984 αὐτὸν
1130 2949 1263 2994 ὑπάρχη
1285 2948 1492 2985 F.Y.O.u.v.
1514 2954 1559 2990 et,
1581 2949 1640 2995 qui
1662 2949 1766 2995 ὑπάρ-

249 3011 314 3041 χει,
336 2997 377 3032 Β.
1625 3023 1628 3026 ·
