1882 3250
275 172 331 211 232
824 176 1251 215 ΔΗΜΟΣΘΕΝΟΎΣ
1538 174 1621 213 On.
1646 173 1710 214 11.
1732 189 1772 229 p.
1791 186 1855 230 27,
1877 175 1879 230 ζ

275 287 533 332 ὓθαρρὴσαντες
562 288 605 323 ὡς
631 289 672 322 τὰ
700 288 807 321 πάντα
837 291 1040 332 νενικηκότες
1066 290 1118 322 καὶ
1142 288 1254 330 ἱκανὴν
1281 287 1441 331 βοήθειαν
1470 288 1687 331 πεποιημένοι
1717 291 1788 324 τοῖς

272 349 464 387 Ὀλυνθίοις
494 355 560 385 τῶν
591 354 720 386 λοιπῶν
751 351 1033 397 Οὀλιγωρὴσωσι.
1066 352 1119 385 διὰ
1150 354 1254 385 ταῦτα
1287 350 1466 395 παρελθὼν
1496 350 1696 385 Ρέπικόπτει
1727 352 1788 396 τὴν

269 413 467 456 ἀλαζονείαν
487 416 596 449 αὐτῶν
616 417 668 449 καὶ
687 418 770 460 πρὸς
800 416 979 455 εὐλάβειαν
1000 417 1165 459 σώφρονα
1195 415 1281 457 ‘la-»¹711
1305 415 1440 459 γνώμην
1459 414 1655 457 μεθίστησι,
1676 414 1787 459 λε’γων

269 479 310 512 οὐ
329 480 406 524 περὶ
426 481 484 522 τῆς
503 480 674 513 Φιλίππου
694 479 854 526 τιμωρίας
876 482 956 514 Ι’νῦν
975 480 1089 514 αὐτοῖς
1109 476 1191 512 εἶναι
1210 480 1268 512 τὸν
1287 481 1404 524 λόγον,
1426 479 1515 512 ἀλλὰ
1535 480 1610 524 περὶ
1633 481 1692 523 τῆς
1719 482 1785 514 τῶν
1802 493 1837 516 ιο
1871 485 1875 531 J

270 543 460 587 συμμάχων
483 544 661 588 σωτηρίας·
693 540 762 577 οἶδε
788 544 853 588 γὰρ
880 543 931 576 ὅτι
957 544 1011 577 καὶ
1029 542 1199 586 Ἀθηναῖοι
1226 543 1278 576 καὶ
1306 542 1407 576 ι’ίλλοι
1435 541 1501 576 πού
1527 556 1614 578 τινες
1639 545 1699 576 τοῦ
1724 543 1785 586 μὲν
1798 541 1847 584 28

269 607 315 650 μὴ
343 608 384 640 τὰ
416 608 519 640 οἷκεῖα
547 608 715 652 προέσθαι
741 609 917 640 ποιοῦνται
948 606 1127 651 φροντίδα,
1155 607 1231 651 περὶ
1261 606 1296 639 δέ
1327 607 1385 639 >rb
1415 605 1675 651 τιμωρήσασθαι
1705 606 1785 642 τοὺς

269 670 440 705 ἐναντίους
469 670 569 714 ἧττον
590 672 857 713 σπουδάζουσιν.
889 671 923 704 ἐν
943 671 979 704 δέ
999 669 1108 717 τούτῳ
1127 672 1174 717 τῷ
1192 671 1286 716 λόγῳ
1315 670 1367 703 καὶ
1386 668 1464 712 1ῑτῆς
1483 670 1560 715 περὶ
1578 672 1645 702 τῶν
1664 670 1780 715 θεωρι-
1799 688 1832 720 ¹5
1870 686 1872 705 r

269 737 335 768 κῶν
353 736 533 779 χρημάτων
553 736 752 777 συμβουλῆς
772 736 1008 780 φανερώτερον
1028 733 1180 772 ἅπτεται,
1202 735 1254 767 καὶ
1277 733 1368 778 ἀξιοῖ
1387 733 1528 776 λυθῆναι
1556 734 1635 769 τοὺς
1664 735 1784 778 νόμους
1868 722 1871 731 l

266 799 347 833 τοὺς
376 798 584 834 ἐπιτιθέντας
613 800 729 842 ζημίαν
757 800 828 833 τοῖς
857 799 1037 844 γράψασιν
1056 798 1141 831 αὐτὰ
1160 798 1322 843 γενέσθαι
1342 798 1580 842 στρατιωτικὰ,
1601 796 1641 831 ἵν’
1662 797 1784 834 ιιἀδεὲς

265 858 288 905 ᾖ
305 863 344 896 τὸ
365 861 615 906 συμβουλεύειν
633 863 675 896 τὰ
693 864 877 902 βέλτιστα.
908 864 1063 908 παραινεῖ
1086 863 1121 896 δὲ
1143 863 1195 896 καὶ
1216 863 1303 897 ὅλως
1325 863 1411 907 πρὸς
1433 863 1492 895 τὸν
1517 866 1584 896 τῶν
1606 864 1783 908 προγόνων

265 927 370 969 ζῆλον
402 925 585 970 ἀναστῆναι
620 928 672 961 καὶ
706 926 953 972 στρατεύεσθαι
987 927 1145 970 σώμασιν
1179 927 1324 967 οἰκείοις,
1359 928 1411 959 καὶ
1443 925 1635 970 ἐπιτιμήσει
1668 928 1834 971 πολλῇτο
1862 945 1866 951 ·

265 989 423 1035 κε’χρηται
444 991 525 1024 κατὰ
544 993 605 1024 τοῦ
625 990 732 1034 δήμου
752 1005 788 1024 τε
809 991 852 1026 ὡς
872 991 1098 1034 ἐκλελυμένου
1127 991 1179 1024 καὶ
1202 993 1268 1024 τῶν
1287 990 1496 1036 δημαγωγῶν
1516 989 1560 1026 ὣς
1587 991 1647 1025 οὐκ
1676 990 1784 1037 ὀρθῶς

263 1054 524 1098 προϊσταμένων
543 1055 603 1096 τῆς
622 1056 766 1090 πόλεως.

265 1123 456 1200 OYXI
519 1147 667 1198 ταύτὰ
716 1150 1008 1214 παρίσταταί
1054 1171 1134 1212 μοι
1184 1149 1479 1214 γιγνώσκειν,
1531 1146 1568 1198 ὦ
1617 1147 1781 1213 ἄνδρες

261 1232 523 1294 Ἀθηναῖοι,
579 1231 692 1282 ὅταν
743 1255 793 1282 τε
843 1237 904 1285 εἰς
955 1232 1014 1282 τὰ
1068 1233 1326 1299 πράγματα
1385 1233 1654 1300 ἀποβλέψω
1705 1234 1781 1283 καὶ

262 1314 377 1364 ὅταν
402 1314 548 1380 Χπρὸς
579 1313 686 1368 τοὺς
721 1314 896 1380 λόγους
921 1315 999 1369 οὓς
1033 1317 1202 1367 ἀκούω·
1245 1314 1352 1369 τοὺς
1378 1315 1462 1378 μὲν
1488 1315 1582 1382 γὰρ
1608 1314 1780 1381 λόγους

259 1400 365 1463 περὶ
406 1404 488 1448 τοῦ
531 1398 896 1465 τιμωρήσασθαι
942 1400 1185 1450 Φίλιππον
1227 1401 1320 1465 ὁρῶ
1364 1399 1680 1464 γιγνομένους,
1718 1398 1805 1459 τὰς
1854 1432 1857 1437 -

261 1480 308 1531 δὲ
348 1482 608 1547 πράγματα
647 1486 710 1536 εἰς
746 1489 885 1533 τοῦτο
922 1479 1204 1548 προήκοντα,
1233 1481 1355 1532 ὥστε
1392 1481 1519 1535 ὅπως
1550 1480 1614 1545 μὴ
1640 1489 1775 1533 Υ’πει-

258 1565 444 1627 σόμεθα
493 1567 623 1616 αὐτοὶ
674 1565 903 1633 πρότερον
951 1570 1101 1619 κακῶς
1145 1566 1427 1633 σκέψασθαι
1477 1565 1594 1615 δέον.
1647 1564 1779 1616 οὐδὲν

257 1650 339 1699 οὖν
377 1649 504 1700 ἄλλο
541 1673 620 1712 μοι
659 1653 880 1701 δοκοῦσιν
924 1654 966 1700 οἱ
1005 1649 1087 1700 Ζτοὶ
1129 1655 1320 1700 τοιαῦτα
1359 1649 1576 1714 λέγοντες
1615 1646 1645 1713 ἢ
1688 1648 1775 1713 τὴν

258 1732 497 1795 ὑπόθεσιν,
542 1736 647 1800 περὶ
698 1734 751 1798 ἧς
803 1733 1130 1796 εἰβουλεύεσθε,
1172 1735 1274 1800 οὐχὶ
1317 1732 1401 1796 τὴν
1441 1733 1591 1783 οὖσαν
1641 1755 1767 1799 παρ-

219 1816 472 1870 αιστάντες
524 1819 628 1880 ὑμῖν
681 1817 978 1883 ἁμαρτάνειν.
1037 1816 1130 1882 ἐγὼ
1180 1818 1217 1867 δ’
1266 1816 1336 1867 ὅτι
1385 1816 1470 1879 μέν
1515 1817 1617 1867 ποτ’
1661 1816 1773 1885 ἐξῆν
1790 1843 1825 1865 ιο

255 1903 313 1967 τῇ
363 1901 501 1951 πόλει
556 1903 632 1951 καὶ
676 1901 736 1951 τὰ
777 1903 919 1964 αὑτῆς
969 1900 1088 1967 ἔχειν
1131 1902 1369 1968 ἀσφαλῶς
1413 1902 1488 1950 καὶ
1530 1900 1774 1951 Φίλιππον

255 1984 634 2050 τιμωρήσασθαι,
679 1987 754 2035 καὶ
799 1985 932 2048 μάλα
974 1987 1178 2050 ἀκριβῶς
1220 1982 1336 2034 οἶδα·
1396 1984 1465 2034 ἐπ’
1513 1985 1624 2047 ἐμοῦ
1665 1983 1771 2050 γὰρ,

257 2066 340 2117 boz}
384 2069 534 2118 πάλαι
578 2069 741 2134 γέγονε
788 2075 936 2119 ταῦτα
976 2066 1233 2136 ἀμφότερα·
1282 2072 1364 2117 νῦν
1406 2066 1565 2130 μέντοι
1607 2066 1767 2118 πέπει-
1839 2136 1841 2142 ¹

253 2173 373 2214 σμαι
413 2153 538 2203 τοῦθ’
584 2151 741 2203 ἱκανὸν
782 2157 1045 2218 προλαβεῖν
1098 2151 1234 2214 ςὴμῖν
1275 2149 1390 2201 εἶναι
1440 2149 1526 2214 τὴν
1564 2150 1769 2216 πρώτην,
1784 2177 1841 2220 29

863 2234 882 2262 d

253 2233 380 2288 ὅπως
417 2234 522 2289 τοὺς
551 2235 831 2303 συμμάχους
890 2236 1128 2299 σώσομεν.
1167 2234 1248 2285 ἐὰν
1273 2234 1365 2300 γὰρ
1402 2240 1540 2285 τοῦτο
1566 2235 1771 2296 βεβαίως

253 2317 453 2387 ὑπάρξῃ,
480 2319 585 2370 τότε
619 2321 694 2370 καὶ
720 2321 826 2386 περὶ
859 2325 942 2370 τοῦ
980 2320 1107 2369 θτίνα
1145 2317 1466 2384 τιμωρήσεταί
1495 2341 1565 2372 τις
1602 2320 1678 2369 καὶ
1716 2317 1770 2370 ὃν

307 2432 326 2450 ¹²
346 2426 577 2471 θαρρήσαντες
595 2428 684 2462 A.Y.
715 2427 951 2472 θαρσήσαντες
970 2428 1089 2473 vulgo.
1185 2433 1203 2452 0
1223 2425 1483 2472 ὀλιγωρήσωσι]
1508 2425 1767 2472 ὀλιγώρήσουσι

249 2479 431 2514 A.B.F.Y.
528 2488 547 2517 Ρ
567 2480 755 2526 ἐπικύπτει]
779 2482 987 2514 ἐπισκώπτει
1006 2480 1216 2515 A.B.O.u.V.
1315 2488 1333 2515 ‘i
1350 2480 1410 2523 τὴν
1429 2481 1565 2524 γνώμην
1583 2480 1768 2524 μεθίστησι

249 2544 308 2566 om
330 2533 413 2567 B.F.
558 2541 572 2560 Γ
593 2536 650 2568 νῦν
671 2546 740 2568 om.
761 2534 804 2568 A.
945 2539 959 2558 S
979 2534 1036 2580 τὸ]
1058 2536 1119 2568 τοῦ
1139 2535 1180 2568 Λ.
1322 2532 1336 2557 ¹⁵
1355 2534 1415 2575 τῆς
1432 2532 1528 2578 περὶ]
1550 2534 1627 2577 περὶ
1646 2534 1706 2577 τῆς
1723 2535 1766 2569 Α.

251 2592 270 2611 u
301 2585 342 2619 ἵν’
373 2586 468 2621 ἀδεὲς
496 2583 519 2630 ᾗ
545 2587 740 2621 Bekkerus.
783 2586 836 2620 ἵνα
866 2586 970 2630 δεήση
1000 2588 1085 2622 B.F.
1117 2586 1169 2620 ἵνα
1201 2587 1318 2631 δειχθῇ
1344 2587 1464 2631 vulgo.
1515 2586 1664 2620 Sensum
1688 2598 1766 2632 per-

247 2645 409 2685 spexerat
431 2640 605 2680 Rfflskius,
627 2641 687 2686 qui
708 2639 761 2674 ἵνα
780 2640 874 2673 ἄδεια
893 2637 915 2683 ᾗ
933 2643 993 2674 τοῦ
1014 2639 1263 2683 συμβουλεύειν
1281 2640 1441 2674 correxit.
1557 2647 1571 2664 ¹<
1592 2639 1694 2686 πρὸς]
1719 2640 1766 2676 εἷς

247 2704 418 2738 superscr.
441 2693 482 2727 B.
559 2699 577 2726 y
597 2693 784 2737 πεισόμεθα
804 2693 935 2727 Y.O.u.
957 2699 991 2727 et
1012 2693 1158 2727 correcti
1180 2693 1254 2727 S.u.
1285 2692 1481 2736 πεισώμεθα
1500 2692 1619 2738 vulgo.
1690 2698 1707 2718 Ζ
1723 2693 1766 2727 τὰ

245 2746 399 2791 τοιαῦτα]
423 2749 528 2780 ταῦτα
553 2746 596 2781 Y.
709 2752 727 2771 a
745 2745 977 2792 βουλεύεσθε]
999 2745 1173 2788 βούλεσθε
1194 2747 1239 2781 Y.
1362 2742 1381 2770 b
1402 2746 1440 2779 οὐ
1463 2745 1593 2780 B.F.S.
1626 2746 1764 2781 Scribe-

246 2798 348 2832 batur
367 2800 455 2844 οὐχὶ,
475 2801 571 2845 quod
589 2811 761 2845 superscr.
781 2799 817 2833 in
839 2800 924 2834 RF.
1051 2805 1063 2820 s
1084 2800 1160 2843 ἡμῖν
1176 2797 1260 2834 εἶναι
1279 2799 1411 2833 A.S.Y.
1443 2796 1527 2833 εἶναι
1546 2798 1624 2843 ἡμῖν
1642 2800 1762 2846 vulgo.
1824 2830 1828 2838 „

245 2880 264 2908 d
285 2885 446 2927 σώσομεν
467 2885 551 2919 F.Y.
583 2900 744 2927 σωσομεν
765 2885 807 2920 Β.
839 2887 1006 2930 σώσωμεν
1025 2887 1145 2933 vulgo.
1267 2891 1283 2911 e
1303 2901 1377 2921 τινα
1395 2885 1624 2931 τιμωρήσεταί
1642 2900 1693 2922 τις
1712 2886 1767 2920 καὶ

245 2936 283 2970 ὃν
303 2939 428 2982 τρόπον
449 2938 577 2973 B.F.S.
609 2939 809 2985 Legebatur
831 2939 904 2973 τίνα
922 2941 1049 2985 τρόπον
1067 2938 1299 2985 τιμωρήσεταί
1315 2954 1367 2974 τις
1385 2939 1521 2980 ἐκεῖνον,
1539 2939 1634 2985 quod
1652 2939 1688 2974 in
1707 2953 1764 2986 γρ.

245 2990 376 3024 habent
398 2991 485 3026 RF.
