1882 3250
31 165 155 218 -158,
172 178 203 204 6.
544 169 688 205 ΠΡΟΣ
719 169 836 205 ΤΗΝ
869 167 1208 203 ΕΠΙΣἹὈΛΗΝ.
1553 161 1632 205 169

119 275 149 340 ἢ
191 278 429 339 μαλακίαν
471 278 857 342 11ε’γκαταλείπειν
894 276 954 326 τά
995 299 1044 326 τε
1090 281 1184 325 τῶν
1226 274 1474 340 προγόνων
1518 274 1632 339 ἔργα

121 362 196 410 καὶ
222 359 281 410 τὰ
306 361 615 428 συμφέροντα
640 364 722 423 τῆς
747 360 984 424 πατρίδος.

55 443 109 488 26
188 442 293 493 Ἵνα
337 443 386 494 δὲ
427 444 492 508 μὴ
535 448 837 509 μακρολογῶ,
883 445 1005 510 φημὶ
1050 445 1251 508 οχρῆναι
1293 439 1625 505 Ρπαρασκευά-

122 524 283 590 ζεσθαι
315 527 399 588 μὲν
433 526 550 593 πρὸς
584 526 666 576 τὸν
699 526 923 587 πόλεμον,
948 529 1238 590 παρακαλεῖν
1265 523 1312 574 δὲ
1339 523 1445 576 τοὺς
1471 521 1628 572 ‘NEA-

122 617 282 673 ληνας,
325 609 390 674 μὴ
436 609 608 675 λόγοις,
651 608 780 659 ἀλλὰ
824 614 949 662 Γτοῖς
996 609 1161 673 ἔργοις,
1202 606 1319 672 πρὸς
1366 606 1451 670 τὴν
1491 608 1685 672 5παρίς

120 694 252 756 ἡμῶν
301 695 594 759 συμμαχίαν·
654 694 716 745 ὡς
767 690 890 745 ἅπας
946 692 1030 753 μέν
1079 693 1182 741 ε’στι
1239 690 1383 755 λόγος
1440 690 1634 751 μάταιος

119 776 358 844 1επροὶξεων
387 776 577 842 ἄμοιρος
603 775 863 841 γενόμενος,
889 774 1104 842 τοσούτῳ
1131 773 1179 823 δὲ
1210 773 1424 836 μάλιστα
1455 775 1479 824 ὁ
1505 774 1636 840 παρὰ

118 863 200 923 τῆς
233 860 456 925 ἡμετέρας
490 858 688 921 πόλεως,
717 858 818 927 ὅσῳ
850 860 1104 920 11δοκοῦμεν
1137 858 1261 925 αὐτῷ
1294 856 1634 924 προχειρότατα

119 946 326 1010 χρῆσθαι
353 947 446 993 τῶν
473 942 638 992 ἄλλων
662 940 959 1005 Ἑλλήνωνχ.

696 1135 1051 1160 -ᾁ-

835 1294 915 1340 ΙΒ.

405 1413 868 1465 ῩΕΠΙΣΤΟΛΗ
920 1411 1344 1463 ΦΙΛΙΠΠΟΤ.

123 1504 494 1578 ΦΙΛΙΠΠΟΣ
526 1528 790 1590 Aevvam
815 1531 873 1594 τῇ
899 1529 1055 1592 βουλῇ
1083 1526 1158 1575 καὶ
1190 1528 1256 1592 τῷ
1281 1523 1412 1593 δήμω
1439 1524 1629 1624 χαίρειν

117 1610 309 1675 Ἐπειδὴ
343 1612 581 1663 πολλακις
619 1633 709 1674 μου
743 1610 995 1675 Ζπρέσβεις
1033 1608 1423 1669 ἀποστείλαντος,
1460 1607 1514 1657 ἵν’
1548 1609 1632 1670 ἐμ-

118 1695 344 1758 μείνωμεν
376 1699 472 1747 τοῖς
507 1694 659 1759 ὅρκοις
695 1716 770 1744 και
806 1698 906 1746 ταῖς
941 1693 1226 1757 ὁμολογίαις,
1255 1693 1471 1754 οὐδεμίαν
1502 1714 1632 1741 εποι-

117 1783 246 1829 εἶσθε
278 1777 587 1846 ἐπιστροφὴν,
614 1777 746 1847 ᾤμην
773 1782 866 1829 δεῖν
895 1777 1085 1844 πεμψαι
1119 1775 1238 1843 πρὸς·
1273 1778 1390 1839 ὑμᾶς
1426 1775 1538 1842 ὑπὲρ
1569 1774 1663 1828 ὧν5

115 1863 377 1913 ἀδικεῖσθαι
412 1862 595 1928 νομίζω.
649 1860 714 1926 μὴ
750 1861 1024 1925 θαυμάσητε
1062 1859 1110 1910 δὲ
1143 1859 1197 1910 τὸ
1235 1863 1380 1923 μῆκος·
1415 1862 1496 1922 τῆς
1529 1861 1629 1909 ε’πι-

172 2039 193 2057 n
213 2033 484 2079 ἐγκαταλείπειν]
511 2033 748 2079 ἐγκαταλιπεῖν
768 2034 976 2068 F.Y.O.u.v.
1075 2040 1092 2058 ⁰
1112 2036 1232 2079 χρῆναι
1255 2034 1289 2068 S.
1331 2034 1531 2080 Legebatur
1550 2035 1632 2079 χρῆ-

118 2100 172 2119 ναι
191 2087 317 2121 πάντας
336 2086 432 2129 ἡμᾶς.
579 2094 598 2123 Ρ
618 2087 949 2132 παρασκευάζεσθαι]
975 2088 1250 2132 παρεσκευάσθαι
1272 2088 1306 2121 S.
1451 2095 1471 2123 (1
1489 2087 1635 2130 ἕλληνας

118 2139 202 2172 A.S.
233 2139 361 2174 ἄλλους
374 2138 546 2181 ’Έλληνας
563 2141 681 2185 vulgo.
790 2147 803 2166 ¹¹
823 2142 894 2175 τοῖς
912 2140 998 2175 A.S.
1044 2140 1244 2185 Legeba‘tur
1264 2142 1317 2174 καὶ
1337 2142 1417 2175 τοῖς.
1519 2145 1534 2164 S
1555 2139 1633 2185 παρ’

119 2192 330 2227 A.F.S.Y.v.
375 2193 574 2238 Legebatur
592 2193 688 2237 ὑπέρ.
788 2196 797 2215 t
817 2193 989 2238 πράξεων]
1014 2195 1166 2238 πράξεως
1187 2195 1227 2227 A.
1331 2200 1350 2219 U
1371 2193 1549 2238 δοκοῦμεν]
1575 2194 1633 2227 δο-

118 2247 231 2288 κοῖμεν
250 2257 302 2290 pr.
327 2245 362 2279 S.
501 2251 520 2270 Χ
542 2245 583 2279 In
605 2246 646 2279 B.
669 2246 823 2280 clausula
843 2252 895 2280 est
916 2246 1100 2292 adscripta,
1121 2259 1226 2292 quam
1245 2259 1317 2280 uon
1337 2246 1518 2292 intelligo:
1548 2247 1634 2291 πρὸς

116 2324 178 2367 τὴν
206 2324 392 2367 ἐπιστολὴν
418 2325 589 2358 Φιλίππου
622 2316 826 2368 HKAAAA
843 2326 952 2372 (190)
978 2332 1026 2359 ΠΙ
1054 2310 1250 2372 Δῐὲραῖδυο
1279 2309 1401 2360 cir-niis.
1459 2326 1549 2359 Tum
1579 2338 1631 2360 se-

118 2377 238 2422 quitur
257 2378 423 2421 ἐπιστολὴ
443 2379 615 2412 Φιλίππου
635 2391 715 2413 eum
738 2391 885 2413 numero
906 2382 952 2418 ιβ.
1011 2379 1102 2413 Nam
1131 2391 1195 2425 pro
1222 2380 1389 2425 peculiari
1418 2392 1459 2413 ea
1484 2379 1632 2413 habetur

118 2431 288 2475 opusculo
316 2431 353 2464 in
379 2431 587 2476 quibusdam
612 2432 719 2465 libris.
750 2432 913 2466 REISK.
972 2433 1014 2466 Iu
1036 2433 1072 2466 S.
1094 2433 1179 2477 πρὸς
1201 2433 1261 2475 τὴν
1285 2433 1470 2475 ἐπιστολὴν
1493 2433 1553 2475 τὴν
1573 2434 1631 2474 φι-

118 2494 259 2529 λίππου.
291 2483 557 2530 ΗἏῩΔΔΔΔΠΙ.
582 2496 703 2543 (196.)
763 2497 816 2529 Ex
850 2509 920 2542 quo
953 2496 1178 2530 manifestum
1216 2503 1268 2530 est
1302 2509 1488 2530 numerum
1522 2497 1556 2529 in
1589 2496 1630 2529 B.

118 2547 272 2592 positum
301 2560 372 2581 non
400 2556 481 2594 post
507 2555 670 2594 quartum
690 2555 729 2583 Δ.
750 2550 853 2589 finiri,
875 2551 969 2594 quod
990 2550 1154 2584 Reiskius
1183 2556 1235 2583 est
1261 2550 1436 2594 opinatus,
1464 2550 1525 2583 sed
1550 2555 1631 2594 post

118 2599 234 2634 literas
255 2601 395 2635 demum
415 2607 477 2635 HI.
532 2602 775 2647 Interpunctio
794 2609 913 2636 autem
933 2603 969 2636 in
989 2603 1107 2636 codiee
1127 2604 1202 2636 haee
1222 2610 1286 2643 est,
1307 2609 1346 2636 ut
1366 2609 1446 2647 post
1466 2608 1630 2647 quartum

117 2657 144 2686 Δ
169 2660 340 2698 punctum
365 2667 486 2695 unum,
517 2662 598 2700 post
622 2660 671 2688 ΠΙ
697 2656 766 2689 duo
795 2662 926 2700 puncta
953 2657 994 2699 (z)
1025 2656 1141 2701 posita
1173 2656 1255 2689 sint.
1313 2656 1404 2689 Tum
1435 2661 1630 2700 sequuntur

114 2721 223 2756 fiterae
244 2735 264 2757 a
279 2723 423 2757 Reiskio
438 2736 510 2758 non
530 2724 626 2757 omni
646 2736 688 2758 ex
707 2730 805 2769 parte
823 2730 916 2758 recte
931 2725 1042 2758 lectae.
1087 2724 1211 2769 Neque
1231 2725 1325 2758 enim
1345 2717 1440 2770 ΔΙῶρ
1460 2725 1630 2770 scriptum

114 2795 179 2831 est,
208 2792 270 2825 sed
294 2777 388 2838 3135),
417 2793 512 2838 quod
537 2793 724 2836 διώρθωται
753 2793 946 2838 significat:
982 2793 1073 2826 conf.
1101 2794 1145 2826 ad
1167 2805 1201 2838 p.
1224 2791 1308 2839 165,
1329 2802 1388 2840 17.
1447 2794 1628 2828 Proximas

115 2843 232 2877 literas
265 2852 432 2889 quattuor
464 2852 557 2879 recte
591 2846 677 2891 legit
706 2846 880 2885 Reiskius,
914 2846 1030 2879 minus
1063 2854 1222 2880 accurate
1255 2853 1461 2891 postremas,
1491 2845 1625 2896 dr'r‘it5o‘2.

116 2901 136 2929 5
154 2901 381 2932 ΕΠΙΣΤΟΛΗ
401 2899 638 2944 ΦΙΛΙΠΠΟΥ]
662 2899 838 2943 φιλίππου
857 2900 1024 2941 ἐπιστολὴ
1043 2912 1076 2933 v.
1112 2899 1238 2932 Totam
1258 2900 1442 2945 epistolam
1462 2912 1531 2935 om.
1545 2900 1626 2935 ΑΒ,

116 2954 134 2972 ²
153 2950 334 2997 πρέσβεις]
359 2952 544 2997 πρεσβείας
564 2952 606 2984 Y.

174 3024 266 3049 VOI..
285 3025 314 3050 l.
908 3027 927 3050 Z
