1930 3266
45 205 140 254 286,
161 221 211 243 12.
563 205 690 241 ΠΕΡΙ
719 204 829 241 ΤΟΥ
858 203 1164 240 ΣΤΕΦΑΝΟΥ.
1534 201 1618 242 299

107 316 192 380 μὲν
217 314 355 368 ὃτοὺς
380 318 591 378 σωθῆναι
617 314 702 378 τὴν
729 313 871 365 πόλιν
896 311 1211 374 βουλομένους
1237 316 1489 377 παρελθεῖν
1516 313 1617 373 ἔδει,

108 398 278 453 πάντες
315 398 400 450 δᾶν
436 401 561 462 ὑμεῖς
600 400 675 448 καὶ
710 402 752 448 οὶ
779 397 921 447 ἄλλοι
951 397 1193 459 Ἀθηναῖοι
1220 395 1507 448 ἀναστάντες
1545 398 1644 446 ἐπὶι
1653 423 1669 454 5

110 482 164 533 τὸ
197 485 329 546 βῆμα
366 481 611 547 ἐβαδίζετε·
655 480 826 533 πάντες
863 479 955 545 γὰρ
991 477 1098 528 οοῖδ”
1128 478 1198 528 ὅτι
1233 482 1445 541 σωθῆναι
1477 478 1621 542 αὐτὴν

111 563 418 629 ἁήβούλεσθε·
447 570 483 615 εὶ
511 564 559 615 δὲ
584 563 691 618 τοὺς
717 561 1119 625 πλουσιωτάτους,
1140 566 1182 612 οὶ
1208 561 1485 628 τριακόσιοι·
1515 566 1552 612 εἰ
1573 562 1621 612 δὲ

111 648 217 703 τοὺς
251 649 496 717 ἀμφότερα
534 655 693 710 ταῦτα,
722 650 797 697 καὶ
832 648 988 699 εὔνους
1026 649 1084 713 τῇ
1125 644 1262 696 πόλει
1301 648 1376 695 καὶ
1410 646 1616 696 πλουσί-

112 756 204 796 ους,
251 736 293 783 οὶ
343 732 460 795 μετὰ
508 738 655 782 ταῦτα
703 730 788 784 τὰς
831 728 1041 795 μεγάλας
1090 730 1323 782 ἐπιδόσεις
1373 727 1619 782 ἐπιδόντες·

21 838 100 870 222
114 819 188 867 καὶ
222 815 315 882 γὰρ
342 817 492 884 εὐνοίᾳ
521 817 595 866 καὶ
630 814 823 882 πλούτῳ
858 814 979 864 τοῦτ’
1008 813 1250 876 ἐποίησαν.
1295 816 1406 863 ἀλλ’
1434 815 1495 866 ὡς
1534 813 1622 863 ε”οι-
1636 841 1675 862 20

113 923 204 963 κεν,
231 902 397 952 ἐκεῖνος
435 901 459 949 ὁ
490 898 647 964 καιρὸς
686 900 761 948 καὶ
787 899 815 961 ἡ
850 898 998 963 ἡμέρα
1035 898 1180 961 ἐκείνη
1215 899 1268 948 οὐ
1293 897 1438 960 μόνον
1464 899 1623 948 εὔνουν

113 987 188 1036 καὶ
228 984 464 1035 πλούσιον
505 983 653 1048 ἄνδρα
687 980 853 1043 ἐκάλει,
891 980 1021 1031 ἀλλὰ
1059 983 1133 1031 καὶ
1171 981 1624 1047 παρηκολουθηκότα

113 1074 208 1122 τοῖς
244 1067 523 1133 πράγμασιν
562 1067 619 1134 ἐξ
651 1069 813 1133 ἀρχῆς,
848 1067 923 1115 καὶ
958 1066 1402 1130 συλλελογισμένον
1442 1067 1624 1132 θόρθῶς

113 1153 235 1205 τίνος
275 1150 426 1202 Ῑὲνεκα
466 1152 590 1201 ταῦτ’
631 1150 856 1216 ἔπραττεν
898 1151 922 1199 ὁ
970 1149 1209 1203 Φίλιππος
1250 1153 1325 1201 καὶ
1363 1151 1412 1201 τί
1442 1150 1619 1211 βουλό-

113 1252 262 1299 μενος·
304 1236 329 1285 ὁ
367 1233 460 1299 γὰρ
500 1233 564 1298 μὴ
600 1235 726 1284 ταῦτ’
765 1233 895 1287 εἰδὼς
931 1234 1065 1296 ἓ’μηδ’
1107 1233 1342 1301 ἐξητακὼς
1382 1233 1675 1300 πόρρωθεν25

113 1318 385 1382 1Ἐπιμελῶς,
411 1319 503 1368 οὔτ’
532 1321 569 1368 εὶ
595 1318 752 1370 εὔνους
790 1315 847 1380 ἦν
879 1319 970 1367 οὔτ’
1000 1321 1037 1367 εἰ
1062 1317 1308 1379 πλούσιος,
1336 1317 1467 1368 οὐδὲν
1493 1323 1620 1382 μᾶλ-

115 1412 202 1453 λον
227 1403 432 1466 ἤμελλεν
458 1401 483 1451 ὅ
509 1424 553 1452 τι
578 1399 669 1467 χρὴ
695 1405 843 1451 ποιεῖν
869 1400 1082 1450 εἴσεσθαι
1109 1401 1200 1450 οὐδ’
1227 1401 1333 1463 ὑμῖν
1359 1400 1478 1468 ἕξειν
1504 1423 1627 1463 συμ-

24 1507 101 1550 223
115 1485 373 1547 βουλεύειν.
413 1483 592 1552 ἐφάνην
617 1485 771 1535 τοίνυν
803 1482 955 1536 ἰοὗτος
990 1485 1038 1533 ἐν
1063 1483 1208 1550 ἐκείνῃ
1247 1488 1303 1550 τῇ
1339 1483 1487 1551 ἡμέρᾳ
1520 1482 1625 1548 ἐγὼ,

118 1573 193 1620 καὶ
229 1567 483 1635 παρελθὼν
517 1567 647 1619 εἶπον
683 1572 745 1621 εἷς
784 1569 915 1630 ὑμᾶς,
948 1566 979 1617 ἅ
1003 1590 1094 1630 μου
1134 1566 1288 1618 ι(δυοῖν
1322 1567 1451 1618 1ἕνεκ’
1481 1567 1621 1618 ἄκου’-
1641 1578 1723 1618 286

116 1676 234 1704 σατε
259 1651 630 1720 111προσσχόντες
655 1651 736 1702 τὸν
757 1657 879 1713 νοῦν,
900 1650 1001 1705 ἑνὸς
1026 1651 1125 1715 μὲν,
1148 1651 1201 1701 ἵν’
1223 1654 1370 1715 εἰδῆτε
1397 1651 1467 1702 ὅτι
1486 1651 1628 1715 μόνος

115 1741 209 1787 τῶν
235 1736 473 1802 λεγόντων
499 1738 573 1786 καὶ
599 1735 973 1798 πολιτευομένων
999 1735 1090 1800 ε’γῶ
1117 1734 1202 1798 τὴν
1227 1738 1310 1798 τῆς
1339 1736 1515 1788 εὐνοίας
1540 1734 1624 1785 τά-

115 1822 190 1891 ξιν
234 1823 281 1872 ἐν
325 1826 420 1875 τοῖς
471 1824 632 1873 δεινοῖς
684 1821 765 1870 οὐκ
810 1819 986 1881 ἔλιπον,
1033 1819 1164 1870 ἀλλὰ
1212 1822 1317 1870 ῃκαὶ
1357 1821 1514 1885 λέγων
1554 1822 1629 1870 καὶ

115 1903 313 1972 γράφων
350 1903 638 1971 ἐξηταζόμην
676 1901 735 1952 τὰ
770 1901 914 1952 δέονθ’
944 1902 1060 1968 ὑπὲρ
1100 1904 1229 1966 ὑμῶν
1259 1904 1307 1953 ἐν
1339 1904 1494 1956 αὐτοῖς
1532 1908 1658 1960 τοῖς5

116 1992 350 2055 φοβεροῖς,
366 1986 521 2052 ἑτέρου
538 1986 599 2048 δὲ,
622 1986 692 2036 ὅτι
707 1984 874 2051 μικρὸν
891 1986 1227 2041 ἀναλώσαντες
1246 1985 1416 2054 χρόνον
1431 1990 1630 2054 Οπολλῷ

115 2069 235 2136 πρὸς
261 2071 320 2121 τὰ
345 2070 492 2121 λοιπὰ
517 2073 628 2132 Ρτῆς
652 2068 813 2133 πάσης
843 2071 1081 2123 πολιτείας
1108 2070 1268 2121 ἔσεσθ’
1297 2070 1627 2136 ἐμπειρότεροι.

542 2161 568 2183 ‘6
652 2152 664 2167 Χ
764 2152 775 2169 X
841 2154 851 2168 C
924 2154 934 2168 Ε
1085 2151 1094 2166 Ῑ
1245 2161 1263 2188 q
1429 2155 1439 2169 Ι

587 2176 694 2206 τους
720 2175 803 2215 μεν
824 2176 885 2205 ως
913 2176 1219 2220 υπαρχοντων
1274 2157 1502 2217 Θηβαιων
1521 2157 1631 2204 ΓΦι-

24 2179 107 2218 224
117 2152 246 2206 εἶπον
271 2155 425 2205 τοίνυν
445 2153 515 2204 ὅτι

117 2245 144 2268 “
170 2239 333 2307 λίππῳ
367 2239 475 2288 λίαν
512 2236 882 2302 θορυβουμένους
916 2238 1102 2301 ἀγνοεῖν
1132 2236 1191 2287 τὰ
1216 2235 1429 2303 παρόντα
1466 2236 1622 2303 πράγ-
1646 2264 1684 2284 ιο

118 2329 144 2352 “
169 2323 276 2385 μάθ’
306 2322 521 2386 ἠγοῦμαι·
561 2322 610 2371 εὖ
635 2319 729 2386 γὰρ
756 2318 837 2370 οἶδ’
868 2318 952 2382 ὅτι,
979 2324 1016 2370 εἰ
1042 2322 1167 2371 τοῦθ’
1197 2322 1342 2375 οὕτως
1376 2321 1631 2388 ἐτύγχανεν

118 2412 146 2434 ‘5
179 2405 201 2423 >t
368 2407 379 2420 2
461 2404 479 2423 ‚x
587 2406 597 2420 ›
635 2403 648 2418 x
738 2405 748 2418 ²
827 2403 838 2418 t
1001 2405 1011 2419 ³
1072 2409 1082 2426 3
1257 2405 1268 2422 s
1334 2413 1346 2431 S
1368 2404 1391 2421 >t
1532 2407 1542 2421 ,
1616 2405 1626 2419 s

171 2428 292 2472 εχον,
331 2428 412 2456 ουκ
451 2429 509 2456 αν
544 2427 685 2455 αυτον
724 2427 950 2468 ηκουομεν
989 2427 1037 2454 εν
1088 2408 1295 2473 Ελατεια
1362 2427 1488 2467 οντα,
1517 2412 1617 2455 αλλ

169 2556 189 2575 a
206 2551 301 2597 τοὺς]
326 2553 386 2584 τοῦ
405 2563 434 2585 r.
546 2547 562 2571 b
582 2547 622 2583 ἂν
641 2561 710 2584 om.
731 2561 758 2583 r.
871 2557 887 2576 C
908 2547 971 2584 οἷδ’
996 2551 1030 2585 S.
1062 2549 1099 2584 εὖ
1119 2548 1182 2585 οἶδ’
1204 2552 1321 2597 vulgo.
1339 2557 1374 2586 et
1394 2565 1413 2586 a
1433 2564 1480 2585 m.
1504 2563 1572 2586 sec.
1593 2552 1628 2585 S.

120 2603 222 2638 Conf.
243 2616 314 2638 var.
333 2605 413 2638 lect.
434 2604 478 2638 ad
496 2616 530 2650 p.
556 2611 615 2650 72,
640 2613 700 2649 25.
829 2601 847 2628 (Ῐ
867 2602 1078 2650 ἢβούλεσθε]
1104 2604 1293 2645 ἐβούλεσθε
1316 2605 1351 2639 S.
1465 2610 1480 2629 e
1501 2604 1626 2650 ὀρθῶς]

119 2658 263 2702 εξαρχῆς
282 2657 390 2702 ὀρθῶς
411 2658 446 2692 S.
585 2654 601 2680 f
617 2656 727 2704 ἕνεκα]
753 2658 860 2691 ἕνεκεν
880 2657 917 2691 k.
948 2657 1037 2691 ἕνεκε
1057 2670 1085 2692 S.
1233 2666 1254 2694 g
1273 2657 1349 2701 μηδ’
1368 2658 1524 2691 A.S.k.s.
1555 2657 1631 2701 μήτ’

119 2710 237 2756 vulgo.
372 2707 393 2735 h
413 2711 579 2752 ἐπιμελῶς
600 2722 669 2744 om.
690 2724 742 2757 pr.
766 2712 801 2745 S.
937 2707 947 2734 i
969 2709 1067 2745 οὗτος
1088 2722 1157 2744 om.
1181 2710 1225 2745 O.
1364 2707 1385 2735 k
1406 2710 1516 2756 δυοῖν]
1541 2711 1632 2744 δυεῖν

118 2763 232 2798 A.k.S.
353 2761 365 2790 Ῑ
384 2763 484 2809 ἕνεκ’]
508 2762 615 2797 εἵνεκα
634 2764 671 2798 k.
794 2770 826 2789 m
847 2765 1088 2808 προσσχόντες
1108 2764 1153 2802 Q.
1194 2763 1409 2809 προσχόντες
1431 2765 1469 2800 S.
1517 2763 1630 2809 Lege-

119 2850 221 2884 batur
239 2851 482 2896 προσέχοντες.
594 2856 614 2875 ¹1
635 2852 689 2885 καὶ
708 2863 776 2886 om.
797 2864 826 2886 r.
949 2855 968 2875 0
986 2850 1120 2898 πολλῷ]
1143 2830 1265 2897 πολλῖρ
1284 2851 1328 2885 Y.
1449 2855 1469 2884 P
1488 2851 1548 2893 τῆς
1567 2851 1631 2884 πά-

121 2903 201 2949 σης]
224 2905 336 2947 πάσης
355 2906 414 2948 τῆς
434 2904 480 2943 Q.
511 2905 570 2947 τῆς
589 2903 696 2948 ἄλλης
715 2907 750 2939 k.
884 2911 902 2938 (1
925 2904 1099 2949 Θηβαίων]
1118 2907 1186 2938 τῶν
1205 2904 1353 2948 θηβαίων
1373 2917 1399 2938 r.
1538 2911 1553 2930 ¹*
1572 2910 1631 2938 Φι-

119 2956 235 2990 λίππω
253 2957 330 2992 λίαν
351 2957 386 2992 S.
429 2958 543 3002 φίλων
562 2958 721 3002 φιλίππω
743 2958 821 2992 λίαν
841 2957 1198 3004 F.Y.Q.O.p.r.t.u.v.
1242 2958 1402 3004 φιλίππῳ
1422 2955 1538 3002 φίλων
1556 2958 1634 2991 λίαν

121 3009 231 3044 A.k.s.
340 3014 353 3031 ⁵
373 3009 470 3056 ὄντα]
496 3012 554 3045 νῦν
573 3009 654 3046 ὅντα
673 3013 818 3047 A.k.r.s.

839 3073 912 3105 (22
