1930 3266
65 203 159 252 264,
179 217 227 241 15.
584 204 710 240 ΠΕΡΙ
740 203 850 240 ΤΟΎ
880 203 1184 240 ΣΤΕΦΑΝΟΎ.
1553 201 1638 244 277

37 332 110 370 141
198 316 310 363 Τῶν
347 310 432 375 μὲν
467 311 548 362 οὖν
580 311 754 377 λόγων,
789 312 866 365 οὓς
895 311 1062 365 Βοῧτος
1097 312 1193 361 ἄνω
1232 313 1307 361 καὶ
1346 310 1472 362 κάτω
1503 311 1636 363 ι’δια-

642 392 661 419 d

124 399 276 446 κυκῶν
310 394 443 458 ε”λεγε
475 396 611 460 οπερὶ
678 398 771 444 τῶν
803 393 1301 460 θπαραγεγραμμένων
1336 393 1503 456 νόμων,
1532 397 1688 445 01'2'7620

533 475 548 502 f

124 477 191 541 μὰ
223 476 330 530 τοὺς
368 476 499 530 θεοὺς
561 479 679 539 ὑμᾶς
715 475 842 540 οἶμαι
879 475 1143 539 μανθάνειν,
1171 477 1264 526 οὔτ’
1294 475 1430 529 αὐτὸς
1460 476 1634 541 ἠδυνά-

122 583 216 624 μην
241 565 474 610 ἕσυνεῖναι
509 559 616 613 τοὺς
649 558 904 613 ὴπολλούς·
948 560 1113 613 ἁπλῶς
1146 558 1194 609 δὲ
1225 558 1310 623 τὴν
1336 559 1500 625 Ῐόρθὴν
1532 563 1639 627 περὶ

828 642 850 669 k

37 649 218 703 1427·ch
252 644 440 695 δικαίων
476 644 768 712 διαλέξομαι.
865 642 1096 693 τοσούτου
1130 642 1222 708 γὰρ
1258 643 1345 693 δέω
1384 643 1538 709 λέγειν
1577 647 1639 698 ὡς

827 724 987 778 1οὗτος
1021 725 1244 786 διεζΒαλλε
1283 727 1359 775 καὶ
1393 726 1686 791 διωρίζετο,25

124 728 208 778 οὐκ
239 728 329 790 εἰμὶ
363 725 626 787 ὑπεύθυνος,
662 725 686 776 ὃ
720 731 801 776 νῦν

123 807 241 859 ὥσθ’
282 807 469 858 ἅπαντα
512 807 594 858 τὸν
639 808 745 869 βίον
790 807 1042 860 ὑπεύθυνος
1082 805 1196 858 εἶναι
1239 808 1460 873 ὁμολογῶ
1503 805 1569 858 ὧν
1608 807 1637 873 ἢ

123 892 476 959 ωδιακεχείρικα
513 891 542 956 ἢ
581 893 919 954 πεπολίτευμαι
958 893 1066 959 παρ’
1109 894 1228 956 ὑμῖν.
1287 890 1352 943 ὧν
1392 892 1548 958 μέντοι
1585 915 1640 958 γε

124 979 174 1027 ἐκ
217 979 300 1040 τῆς
345 976 461 1029 ἰδίας
504 976 667 1028 οὐσίας
711 975 1108 1041 ἐπαγγειλάμενος
1153 976 1330 1026 δέδωκα
1379 980 1445 1045 τῷ
1493 975 1640 1046 δήμῳ,

126 1060 341 1123 οὐδεμίαν
367 1059 542 1124 ἡμέραν
569 1058 823 1111 ὑπεύθυνος
854 1056 971 1108 εἶναί
999 1063 1121 1127 φημι
1151 1058 1350 1122 (ἀκούεις
1378 1059 1582 1126 Αἰσχίνη
1602 1065 1636 1129 3)
1653 1074 1735 1125 264

127 1144 223 1194 οὐδ’
257 1142 412 1192 ἄλλον
451 1141 626 1204 οὐδένα,
666 1143 759 1192 οὐδ’
797 1140 855 1191 ἂν
892 1146 986 1191 τῶν
1025 1142 1153 1193 ἐννέα
1191 1141 1433 1209 ἀρχόντων
1469 1165 1539 1196 τις
1576 1140 1642 1193 ὧν

40 1248 115 1290 143
128 1225 260 1293 τύχῃ.
317 1225 387 1279 τίς
421 1224 514 1291 γάρ
551 1227 654 1275 ἐστι
693 1225 832 1288 νόμος
870 1226 1104 1290 τοσαύτης
1143 1227 1320 1279 ἀδικίας
1358 1229 1434 1277 καὶ
1471 1249 1643 1290 μισαν-

129 1309 337 1377 θρωπίας
370 1306 557 1372 μεστὸς,
584 1307 708 1358 ὥστε
742 1308 824 1358 τὸν
856 1307 998 1359 δόντα
1031 1332 1075 1359 τι
1107 1314 1201 1359 τῶν
1235 1310 1360 1360 ἰδίων
1392 1311 1467 1360 καὶ
1500 1309 1637 1374 ποιή-

0 1344 10 1448 E
128 1416 283 1445 σαντα
315 1397 513 1458 πρᾶγμα
549 1391 890 1460 φιλάνθρωπον
923 1395 999 1443 καὶ
1034 1393 1303 1462 φιλόδωρον
1336 1397 1419 1458 τῆς
1453 1394 1670 1461 χάριτος5

0 1450 11 1564 ῃ
129 1476 212 1542 μὲν
248 1478 536 1542 ἀποστερεῖν,
573 1479 634 1529 εἷς
672 1474 779 1528 τοὺς
818 1474 1123 1544 συκοφάντας
1148 1475 1230 1527 “δὲ
1263 1477 1406 1542 ἄγειν,
1433 1482 1508 1528 καὶ
1538 1477 1645 1528 τού-

0 1557 11 1703 ῘΙ
127 1583 235 1614 τους
260 1562 334 1611 ἐπὶ
364 1559 445 1613 τὰς
473 1558 664 1612 εὐθύνας
690 1558 754 1609 ὧν
777 1559 969 1610 Οε”δωκεν
995 1559 1276 1628 ἐφιστάναι;
1317 1560 1421 1611 οὐδὲ
1446 1560 1551 1614 Ρεῖς.
1607 1565 1645 1611 εὶ

130 1646 184 1697 δέ
213 1650 364 1713 φησιν
396 1644 544 1706 οὗτος,
570 1643 781 1711 δειξάτω,
816 1643 947 1708 κάγὼ
983 1643 1170 1712 στέρξω
1205 1646 1281 1694 καὶ
1315 1644 1639 1708 σιωπήσομαι.

0 1705 11 1781 J
44 1730 241 1788 144ἀλλ’
278 1730 360 1779 οὐκ
398 1728 542 1789 ἔστιν,
575 1724 646 1776 (ὶῶ
684 1726 846 1792 ἄνδρες
886 1731 1140 1790 Ἀθηναῖοι,
1175 1728 1287 1777 ἀλλ’
1322 1727 1455 1782 οὗτος
1491 1751 1640 1779 συκο-
1661 1751 1699 1773 10

135 1817 342 1882 φαντῶν,
366 1811 437 1862 ὅτι
462 1812 536 1862 ἐπὶ
562 1814 628 1879 τῷ
653 1814 858 1878 θεωρικῷ
883 1808 987 1861 τότε
1013 1810 1077 1861 ὧν
1097 1811 1303 1861 ἐπέδωκα
1328 1810 1388 1861 τὰ
1413 1810 1645 1878 χρήματα,

135 1895 273 1926 45³!
445 1894 646 1920 r'*”
783 1895 796 1911 Ν
871 1894 962 1922 ‘cs‘
1137 1892 1213 1908 χ(
1296 1895 1306 1910 ‘
1493 1894 1515 1911 ’s
1619 1896 1645 1911 ‘³

187 1917 413 1961 επῃνεσεν
468 1916 621 1955 αυτον,
676 1897 840 1960 φησιν,
938 1917 965 1957 η
1001 1899 1155 1956 βουλη
1193 1898 1448 1945 υπευθυνον
1486 1918 1613 1945 οντα.

135 1980 188 2029 οὐ
212 1980 317 2044 περὶ
348 1977 526 2028 τούτων
550 2000 605 2042 γε
630 1976 848 2039 ἵούδενὸς,
874 1975 938 2026 ὧν
965 1977 1217 2031 ὑπεύθυνος
1243 1977 1313 2041 ἧν,
1340 1979 1450 2028 ἀλλ’
1478 1980 1554 2046 ἐφ’
1583 1978 1649 2032 οἷς

134 2062 389 2124 11ἐπέδωκα,
441 2059 477 2111 ὦ
527 2060 821 2129 συκοφάντα.
890 2059 1020 2110 ἀλλὰ
1068 2063 1143 2111 καὶ
1197 2060 1455 2128 τειχοποιὸς
1504 2061 1648 2126 ἦσθα,

134 2147 299 2214 Χφησί.
355 2147 431 2195 καὶ
455 2144 556 2195 Υδιά
580 2167 634 2210 γε
668 2150 807 2195 τοῦτο
834 2145 982 2210 ὀρθῶς
1008 2144 1286 2212 ἐπῃνούμην,
1314 2144 1385 2195 ὅτι
1409 2147 1643 2210 Ζτάνηλω-
1664 2167 1698 2199 15

189 2311 209 2331 8·
228 2304 343 2350 οὗτος]
367 2303 473 2339 οὕτως
491 2305 527 2338 k.
647 2299 667 2327 b
688 2303 867 2348 διακυκῶν]
892 2306 997 2336 κυκῶν
1016 2303 1172 2336 A.Y.k.s.
1203 2303 1390 2338 διακυκλῶν
1408 2316 1440 2339 v.
1471 2306 1601 2339 κυκλῶν
1620 2317 1648 2339 r.

136 2363 153 2384 0
171 2359 264 2404 περὶ]
288 2359 378 2403 παρὰ
396 2370 430 2393 v.
534 2353 553 2381 d
572 2359 639 2390 τῶν
659 2368 729 2390 om.
752 2357 893 2390 A.k.r.s.
997 2361 1013 2380 e
1034 2358 1383 2404 παραγεγραμμένων]
1409 2358 1650 2403 γεγραμμένων

136 2412 366 2446 A.O.k.r.s.u.
393 2411 636 2456 πεπραγμένων
654 2410 688 2443 S.
706 2410 765 2455 qui
785 2410 967 2455 vulgatum
985 2410 1022 2443 in
1042 2421 1153 2455 marg.
1170 2410 1276 2444 habet
1291 2422 1311 2444 a
1326 2423 1372 2445 m.
1390 2423 1458 2445 sec.
1532 2408 1548 2436 f
1565 2412 1650 2455 ὑμᾶς

136 2470 217 2511 post
235 2462 326 2508 οἶμαι
344 2469 482 2510 ponunt
502 2463 820 2508 F.S.Q.O.p.r.t.u.
841 2475 911 2497 om.
933 2463 970 2498 k.
1141 2469 1162 2496 g
1182 2463 1348 2509 συνεῖναι]
1373 2465 1522 2498 συνιέναι
1541 2477 1647 2511 p.r.u.

135 2515 157 2543 h
176 2517 343 2564 πολλούς]
365 2517 518 2552 πολλοὺς
537 2517 647 2550 αὐτῶν
666 2517 708 2550 Y.
730 2522 765 2550 et
784 2531 839 2562 γρ.
860 2515 947 2555 RQ.
1055 2512 1067 2540 ἰ
1086 2514 1190 2561 ὀρθὴν
1209 2517 1338 2556 F.S.Q.
1361 2522 1396 2551 et
1415 2523 1592 2552 correctus
1612 2530 1647 2563 p.

136 2571 238 2617 ὀρθὴν
257 2572 337 2606 ὁδὸν
354 2572 472 2617 vulgo.
501 2571 580 2604 ὁδὸν
599 2575 680 2615 post
699 2568 833 2604 δικαίων
851 2570 952 2615 ponit
971 2569 1015 2604 Y.
1199 2566 1220 2594 k
1239 2569 1395 2618 τοσούτῳ
1417 2570 1502 2609 S.Q.
1543 2571 1647 2605 Cous.

135 2637 172 2670 p.
193 2636 203 2659 l
219 2631 276 2672 15,
298 2635 323 2659 1·
407 2622 418 2649 l
437 2623 536 2658 οὗτος
554 2623 717 2665 διέβαλλε
737 2623 818 2657 F.S.
849 2622 949 2658 οὗτος
967 2623 1134 2658 πολλάκις
1153 2623 1315 2664 διέβαλλε
1334 2624 1451 2670 vulgo.
1527 2629 1558 2648 m
1577 2625 1648 2658 δια-

137 2703 318 2750 κεχείρικα]
342 2686 564 2748 διακεχειρἾκα
584 2703 630 2739 Ο.
661 2702 891 2748 διακεχείρηκα
910 2703 1069 2737 A.Y.k.s.
1090 2708 1125 2736 et
1142 2715 1196 2748 pr.
1218 2715 1246 2738 r.
1391 2709 1410 2727 ¹¹
1430 2703 1466 2737 δὲ
1485 2703 1553 2737 hoc
1570 2704 1649 2738 loeo

137 2758 360 2803 A.Y.k.p.r.s.
383 2763 462 2803 post
482 2756 529 2793 εἷς
547 2757 664 2802 vulgo,
684 2756 871 2802 utrobique
893 2756 929 2790 S.
1022 2762 1040 2781 0
1059 2756 1181 2790 ἔδωκεν
1201 2756 1514 2801 F.S.Y.O.p.r.t.v.
1545 2757 1647 2790 δέδω-

138 2825 192 2844 κεν
210 2811 328 2856 vulgo.
413 2815 429 2838 P
450 2808 496 2845 εἷς
516 2811 723 2849 A.S.Q.k.s.
753 2807 799 2844 εἷς
819 2809 927 2852 δήπου
945 2809 1063 2855 vulgo.
1150 2816 1167 2844 (1
1189 2805 1216 2843 ὦ
1233 2821 1303 2843 om.
1321 2809 1647 2855 A.F.S.O.k.p.u.v.

139 2869 154 2888 Γ
173 2864 274 2897 αὐτὸν
293 2863 418 2910 φησὶν]
443 2865 553 2908 φησὶν
572 2865 674 2898 αὐτὸν
693 2868 719 2897 t.
804 2868 819 2888 S
839 2862 857 2906 ἡ
877 2862 987 2906 βουλὴ
1008 2875 1079 2896 om.
1103 2862 1139 2896 S.
1224 2861 1238 2887 t
1257 2863 1410 2909 οὐδενὸς]
1435 2863 1533 2897 οὐδέν
1552 2863 1594 2897 Y.
1615 2868 1651 2897 et

138 2930 193 2962 γρ.
215 2916 260 2952 Ο.
361 2923 382 2942 ¹²
402 2918 569 2963 ἐπέδωκα]
593 2919 687 2951 ἕνεκα
706 2917 750 2951 Y.
852 2921 872 2940 X
892 2915 985 2961 φησί
1002 2928 1071 2950 om.
1094 2915 1181 2955 S.Q.
1277 2922 1295 2949 Y
1316 2917 1370 2950 διά
1388 2931 1428 2962 γε
1448 2916 1576 2956 ἙΜΞΩ
1607 2915 1649 2950 δι’

139 2969 220 3005 αὐτό
239 2985 278 3016 γε
297 2971 415 3016 vulgo.
513 2977 531 2996 Ζ
551 2970 784 3016 τάνηλωμένα]
808 2969 851 3003 τὰ
869 2969 1065 3014 ἀνηλωμένα
1086 2969 1121 3002 S.
1150 2968 1369 3014 τάναλωμένα
1387 2971 1424 3004 k.
1446 2975 1482 3004 et
1499 2984 1555 3016 γρ.
1575 2982 1604 3004 r.
