1903 3271
15 186 219 229 -332‚2⁵.
569 178 696 214 ΠΕΡΙ
726 177 837 214 ΤΟΎ
867 177 1174 215 ΣΤΕΦΑΝΟΎ.
1543 177 1619 216 35]

1342 292 1362 301 Α

20 297 103 352 398
191 285 277 350 Μὴ
313 288 426 350 δῆτ’,
455 285 492 336 ὦ
526 286 697 340 πάντες
735 289 845 348 θεοὶ,
878 289 1036 350 μηδεὶς
1076 288 1236 337 Χταῦθ’
1266 289 1394 350 ὑμων
1427 287 1628 338 Ῡέπινεύ-

114 392 254 431 σειεν,
291 369 422 420 ἀλλὰ
458 369 673 432 μάλιστα
711 369 796 433 μὲν
834 373 910 421 καὶ
947 370 1125 423 τούτοις
1163 370 1337 431 βελτίω
1377 371 1482 421 τινὰ
1520 376 1628 422 νοῦν
1642 389 1682 410 ²0

115 457 188 503 καὶ
227 453 401 520 φρένας
438 453 674 518 Ζένθειήτε,
702 457 738 503 εἰ
766 455 803 503 δ’
842 453 915 519 ἄρ’
943 453 1135 520 ἔχουσιν
1174 451 1409 516 ἢάνιάτως,
1438 453 1628 507 τούτους

114 534 200 600 μὲν
240 535 406 589 αὐτοὺς
449 537 548 587 καθ’
590 535 778 589 ἑαυτοὺς
821 536 1010 604 ἐξώλεις
1051 534 1162 586 ὶ’καὶ
1207 536 1438 602 προώλεις
1478 538 1526 587 ἐν
1565 541 1629 604 γῇ

116 622 190 669 καὶ
227 618 440 687 θαλάττῃ
478 619 742 683 οποιήσατε,
778 620 888 683 ἡμῖν
929 619 978 669 δὲ
1015 624 1110 672 τοῖς
1149 624 1332 673 λοιποῖς
1372 619 1459 684 τὴν
1492 621 1626 687 ταχί-

117 725 241 766 στην
266 703 556 768 ἀπαλλαγὴν
581 709 676 756 τῶν
700 702 1028 770 ἐπηρτημένων
1061 702 1229 771 φόβων
1264 701 1393 754 ὀδότε
1425 707 1500 755 καὶ
1527 727 1626 756 σω-

120 788 284 853 τηρίαν
310 789 554 856 ἀσφαλῆθ.

174 935 194 954 Χ
222 928 314 963 ταῦθ’
344 929 452 975 ὑμῶν]
484 929 576 973 ὑμῶν
604 929 697 964 ταῦτ’
716 930 918 965 A.O.k.s.u.
1074 935 1093 962 Y
1122 927 1346 976 ἐπινεύσειεν]
1381 928 1587 964 ἐπαινέσειεν
1604 943 1633 964 r.

120 988 138 1007 Ζ
158 982 322 1028 ἐνθείητε]
348 982 455 1027 ἐνθείη
475 983 552 1016 k.u.
705 989 724 1008 a
751 983 892 1018 ἀνιάτως
911 982 1201 1017 A.S.Y.O.k.s.u.
1232 981 1337 1017 οὕτως
1357 982 1498 1018 ἀνιάτως
1515 984 1633 1029 vulgo.

120 1032 136 1055 b
157 1035 210 1068 καὶ
227 1037 396 1081 προώλεις
414 1047 485 1070 om.
506 1036 621 1070 A.k.s.
735 1042 751 1061 0
770 1035 936 1080 ποιήσατε
959 1036 1034 1070 S.k.
1064 1035 1244 1079 ποιήσαιτε
1262 1036 1380 1082 vulgo.
1495 1033 1514 1060 d
1535 1036 1630 1082 δότε]

120 1098 234 1142 δοίητε
254 1105 430 1133 correctus
452 1099 489 1133 S.
632 1105 648 1124 e
669 1100 711 1134 In
732 1100 774 1134 B.
795 1100 1030 1145 subscriptum
1049 1099 1126 1144 περὶ
1145 1101 1204 1132 τοῦ
1225 1100 1411 1144 στεφάνου.
1431 1087 1635 1149 ΧΧ.“Ι-Ξ1ΗΗ

125 1151 305 1209 Ιᾏ-ΙΔΗΙΙΙ.
326 1162 400 1206 (ubi
421 1168 544 1208 quarta
564 1176 584 1197 a
602 1164 671 1198 fine
691 1164 793 1198 litera
812 1169 844 1197 H
865 1163 901 1197 in
921 1169 953 1197 H
973 1163 1169 1207 mutanda.)
1202 1163 1244 1196 In
1266 1163 1300 1198 S.
1318 1162 1403 1209 ὑπὲρ
1421 1165 1481 1197 τοῦ
1501 1164 1636 1209 στεφά-

122 1242 181 1263 νου
195 1215 567 1277 ΧΧιἩῑΗΗῙῖΙΔΠΠΙ.
