1930 3266
10 213 230 256 ——322‚=223.
584 204 707 240 ΠΕΡΙ
740 203 849 239 ΤΟΥ
879 200 1185 238 ΣΤΕΦΑΝΟὙ.
1558 194 1643 236 389

36 314 286 381 356ῐεῖωθε
340 315 601 378 γίγνεσθαι,
651 314 772 362 τοῦτ’
819 312 1045 375 ἐποίησαν
1095 309 1204 374 παρ’
1258 308 1373 370 ε’μοί.
1433 307 1633 358 εἰκότως·

130 398 252 462 γένει
285 396 369 459 μὲν
400 396 492 462 γὰρ
533 397 730 448 ἕκαστος
764 394 949 462 ἑκάστῳ
984 397 1175 456 μᾶλλον
1205 395 1365 443 οἰκεῖος
1406 390 1463 454 ἦν
1502 392 1633 452 ἐμοῦ,

130 485 258 548 κοινῇ
286 480 334 531 δὲ
359 484 508 530 πᾶσιν
534 481 679 532 οὐδεὶς
704 477 951 543 ἐγγυτέρω·
996 474 1032 544 ᾧ
1058 474 1178 541 ιιγόιρ
1203 474 1398 526 ἐκείνους
1423 476 1635 535 σωθῆναι

128 566 203 615 καὶ
229 568 527 628 κατορθῶσαι
551 563 765 626 μάλιστα
791 562 1013 629 διέφερεν,
1038 559 1171 612 οὗτος
1209 561 1284 608 καὶ
1318 556 1568 607 παθόντων
1606 554 1637 605 ἃ

126 647 291 711 μήποτ’
313 647 501 715 ὤφελον
521 651 602 710 τῆς
623 646 736 712 ὑπὲρ
755 644 976 696 ἁπάντων
992 643 1145 705 λύπης
1163 646 1394 692 πλεῖστον
1414 644 1631 705 μετεῖχεν.
1647 649 1729 690 3²2

549 735 568 744 n

31 741 112 784 357
201 730 321 796 Λέγε
357 733 393 780 δ’
421 732 570 799 Χαὺτῳ
607 732 760 780 Υτουτὶ
786 729 840 779 τὸ
866 729 1152 794 ἐπίγραμμα,
1179 724 1203 776 ὃ
1230 725 1435 792 δημοσίᾳ
1472 724 1629 789 προεί-

126 823 234 864 λετο
265 815 292 876 ή
324 813 464 867 πόλις
491 815 645 866 αὐτοῖς
685 812 960 879 ἐπιγράψαι,
987 812 1040 861 ἵν’
1071 813 1205 877 εἰδῇς,
1233 809 1452 875 Αἰσχίνη,
1479 809 1554 857 καὶ
1586 809 1661 857 ἐν5

122 899 246 965 αὐτῷ
290 897 439 965 τούτῳ
486 895 691 946 Ζσαυτὸν
733 896 983 960 ἀγνώμονα
1026 895 1130 944 ἱὶκαὶ
1175 892 1480 959 συκοφάντην
1522 891 1633 941 ὅντα

123 980 223 1032 ι’καὶ
250 980 431 1046 μιαρόν.
478 980 613 1045 Λέγε.

730 1079 1096 1120 ΕΠΙΓΡΑΜΜΑ.

27 1163 108 1218 358
294 1170 309 1188 c
325 1164 419 1202 Οἵδε
441 1161 586 1213 πάτρας
608 1163 722 1201 ἕνεκα
745 1161 940 1212 σφετέρας
963 1163 1015 1203 εἰς
1037 1164 1144 1212 δῆριν
1166 1161 1301 1201 ἔθει·το

349 1230 466 1275 ὅπλα,
491 1230 552 1268 καὶ
574 1229 799 1268 ἀντιπάλων
820 1231 934 1279 ὕβριν
956 1229 1247 1268 ἀπεσκέδασαν.

289 1296 530 1347 μαρνάμενοι
552 1296 583 1335 δ”
605 1297 741 1346 ἀρετῆς
764 1296 825 1335 καὶ
845 1295 863 1323 d
878 1295 1050 1346 λήματος
1070 1296 1137 1334 οὐκ
1160 1294 1344 1334 ἐσάωσαν
1649 1295 1687 1315 ¹0

348 1365 493 1415 ψυχὰς,
517 1364 606 1402 ἀλλ’
627 1362 763 1413 Ἀΐδην
786 1362 916 1402 κοινὸν
938 1363 1073 1402 ἔθεντο
1095 1371 1110 1388 ‘³
1124 1363 1273 1412 βραβῆ,

291 1430 303 1457 f
319 1431 478 1469 οὕνεκεν
499 1428 719 1480 (Ελλήνων,
744 1430 793 1471 ὡς
812 1429 863 1479 μὴ
882 1429 997 1480 ζυγὸν
1020 1428 1157 1481 αὐχένι
1178 1428 1311 1468 θέντες

345 1498 584 1547 δουλοσύνης
607 1499 803 1548 στυγερὰν
825 1497 947 1547 ἀμφὶς
970 1496 1115 1548 ἔχωσιν
1135 1497 1262 1546 ὕβριν.

288 1568 382 1615 γαῖα
403 1566 444 1604 δὲ
466 1565 601 1615 πατρὶς
623 1564 706 1617 ἔχει
728 1566 887 1605 κόλποις
907 1567 982 1603 τῶν
1004 1566 1174 1602 πλεῖστα
1195 1562 1397 1611 καμόντων

343 1631 503 1681 σώματ’,
529 1632 613 1671 ἐπεὶ
635 1635 788 1682 θνητοῖς
810 1632 852 1670 ἐκ
875 1630 971 1672 Διὸς
991 1630 1058 1680 ἥδε
1081 1630 1216 1681 κρίσις.
1649 1644 1682 1674 ¹⁵

284 1700 405 1749 μηδὲν
426 1700 611 1749 ἁμαρτεῖν
634 1699 718 1738 ἐστὶ
739 1701 838 1738 θεῶν
861 1697 922 1736 καὶ
943 1697 1072 1737 πάντα
1094 1698 1318 1746 κατορθοῦν,

345 1767 388 1806 ἐν
407 1767 521 1816 βιοτῇ
542 1770 683 1817 μοῖραν
705 1765 734 1805 δ’
759 1766 802 1805 οὔ
822 1782 859 1804 τι
879 1772 896 1795 g
913 1768 1055 1817 φυγεῖν
1076 1763 1096 1790 h
1114 1764 1269 1814 ἔπορεν.

0 1842 2 1848 y
23 1850 335 1911 359Ἀκούεις,
374 1851 592 1917 Αἰσχίνη,
633 1852 708 1900 καὶ
753 1851 801 1899 ἐν
841 1852 965 1917 αὐτῷ
1005 1849 1154 1918 τούτῳ
1200 1848 1209 1874 ³
1217 1847 1361 1912 μηδὲν
1406 1849 1629 1913 ἁμαρτεῖν

113 1937 214 1985 ἐστὶ
241 1934 386 1985 Ιίθεῶν
413 1936 486 1983 καὶ
511 1933 668 1984 πάντα
694 1932 1002 1998 1κατορθοῦν;
1042 1933 1134 1982 ¹¹¹0&
1160 1936 1225 2000 τῷ
1250 1932 1515 2000 συμβούλῳ
1542 1930 1628 1994 τὴν
1642 1954 1682 1975 20

112 2024 194 2069 τοῦ
227 2022 484 2082 κατορθοῦν
510 2015 617 2069 τοὺς
643 2015 1005 2080 ἀγωνιζομένους
1030 2015 1221 2079 ἀνέθηκε
1257 2014 1466 2076 δύναμιν,
1494 2014 1626 2064 ἀλλὰ

113 2108 206 2156 τοῖς
245 2106 377 2154 θεοῖς.
421 2102 469 2150 τί
501 2101 595 2160 οὖν,
621 2107 640 2125 “
659 2098 695 2149 ὦ
721 2098 939 2165 κατάρατ’
969 2100 1068 2161 ἐμοὶ
1098 2100 1202 2163 περὶ
1228 2098 1406 2148 τούτων
1432 2101 1620 2148 Ολοιδο-

111 2190 190 2251 ρεῖ,
218 2188 292 2235 καὶ
326 2184 476 2249 λέγεις
511 2181 542 2233 ἃ
577 2185 656 2233 σοὶ
692 2185 767 2233 καὶ
802 2188 896 2235 τοῖς
931 2187 1035 2235 σοῖς
1070 2185 1110 2231 οἱ
1147 2182 1240 2231 θεοὶ
1276 2181 1500 2248 τρέψειαν
1538 2185 1627 2233 Ρεῖς

113 2268 325 2335 κεφαλήν
343 2296 353 2329 5

165 2419 178 2444 t
197 2418 309 2466 εἴωθε]
332 2421 439 2454 εἰώθει
460 2420 572 2466 Y.p.r.
685 2425 704 2443 ¹¹
725 2419 806 2464 γὰρ]
832 2419 897 2464 γὰρ
916 2419 956 2451 τὸ
977 2417 1360 2463 A.Y.O.k.p.1·.s.t.u.v.
1473 2423 1487 2439 λ’
1510 2417 1617 2463 αὐτῷ]

111 2473 192 2506 αὐτὸ
210 2486 237 2507 r.
366 2479 384 2506 y
404 2473 514 2518 τουτὶ]
537 2475 640 2506 τοῦτο
661 2472 779 2506 O.u.V.
904 2477 921 2495 Ζ
944 2471 1088 2517 σαυτὸν]
1113 2471 1215 2504 αὑτὸν
1235 2471 1277 2505 Y.
1407 2476 1426 2495 a
1445 2471 1497 2504 καὶ
1517 2483 1622 2503 συκο-

111 2526 247 2570 φάντων
267 2525 363 2572 ὄντα]
389 2525 469 2559 ὅντα
489 2527 541 2559 καὶ
562 2527 787 2569 συκοφάντων
806 2537 872 2570 p.r.
903 2524 982 2557 ὄντα
1003 2525 1055 2557 καὶ
1076 2524 1296 2567 συκοφάντην
1315 2523 1395 2556 ὅντα
1415 2523 1458 2557 Y.
1530 2519 1549 2547 b
1570 2523 1622 2555 καὶ

111 2590 179 2612 om.
202 2578 247 2613 O.
344 2588 360 2605 c
382 2579 609 2625 Epigramma
628 2590 698 2612 om.
718 2578 876 2612 A.S.k*s.
966 2574 982 2601 d
1004 2576 1153 2619 λήματος
1176 2577 1427 2610 Valckenarius
1448 2576 1483 2609 in
1503 2575 1619 2609 Auim.

110 2632 153 2665 ad
172 2634 333 2666 Ammon.
354 2645 389 2678 p.
415 2643 496 2677 ¹42·
528 2632 728 2677 Legebatur
748 2632 913 2674 δείματος.
1047 2635 1062 2654 θ
1081 2631 1194 2674 βραβῆ
1217 2629 1450 2663 Schueiderus
1469 2628 1505 2662 in
1528 2628 1619 2673 Sup-

110 2685 215 2730 plem.
238 2686 356 2720 Lexiei
376 2698 411 2731 p.
428 2693 489 2732 52.
522 2685 722 2730 Legebatur
739 2685 885 2729 βράβην.
1013 2680 1027 2706 f
1045 2681 1194 2727 οὕνεκεν]
1219 2682 1327 2715 ἕνεκεν
1347 2695 1382 2727 p.
1513 2687 1533 2714 ἕ
1553 2683 1620 2725 φυ-

108 2738 196 2784 γεῖν]
221 2738 362 2784 φεύγειν
382 2739 582 2777 F.Q.Y.t.v.
677 2735 697 2761 h
716 2737 854 2782 ἔπορεν]
879 2737 1002 2781 ἔπορον
1024 2735 1069 2769 O.
1091 2742 1126 2769 et
1146 2740 1321 2768 correctus
1341 2747 1368 2768 r.
1467 2731 1475 2758 i
1495 2733 1614 2779 μηδὲν]

111 2790 308 2836 Legebatur
327 2792 370 2826 ὡς
389 2794 428 2825 τὸ
448 2792 560 2835 μηδέν.
592 2791 634 2825 ὡς
655 2792 694 2823 τὸ
714 2802 784 2824 om.
804 2790 916 2823 A.k.s.
934 2803 940 2823 :
972 2801 991 2822 a
1011 2800 1116 2822 manu
1136 2788 1240 2822 tertia
1259 2788 1441 2827 insertum,
1463 2787 1524 2820 sed
1543 2799 1619 2820 rur-

110 2855 168 2877 sus
187 2844 341 2879 deletum
361 2850 413 2878 est
432 2845 468 2879 in
491 2845 527 2878 S,
603 2882 605 2884 v
629 2842 642 2864 Κ
674 2843 777 2888 θεῶν]
803 2843 880 2876 θεοῦ
900 2842 1087 2876 A.Y.k.r.s.
1111 2847 1145 2875 et
1164 2853 1216 2886 pr.
1239 2840 1273 2874 S.
1375 2838 1384 2865 l
1414 2839 1617 2885 κατορθοῦν]

109 2897 278 2942 κατορθῶν
291 2898 332 2931 A.
444 2902 469 2918 ¹¹¹
491 2898 530 2931 οὐ
549 2896 837 2944 ιπεῖν-κατορθοῦν
856 2907 925 2929 om.
946 2907 999 2940 pr.
1024 2895 1061 2930 S.
1176 2900 1193 2919 ¹¹
1215 2890 1240 2927 ὦ
1260 2905 1329 2928 om.
1351 2894 1397 2932 Q.
1508 2898 1526 2916 ⁰
1546 2894 1619 2925 λοι-

808 2957 850 2976 ets*

109 2990 201 3036 δορεῖ
220 2992 255 3027 S.
286 2993 423 3039 λοιδορῇ
445 2993 563 3038 vulgo.
673 2996 689 3019 Ρ
710 2990 772 3036 εἷς]
796 2991 851 3024 ἐπὶ
870 2992 906 3025 k.

801 3065 829 3090 X
851 3066 876 3091 Χ
901 3063 923 3093 2
