1903 3271
273 174 357 217 390
809 175 1238 215 ΔΗΜΟΣΘΕΝΟΎΣ
1371 175 1451 213 On.
1476 174 1615 213 XIX.
1639 188 1679 228 p.
1696 185 1848 227 371,17
1883 194 1887 196 ⁷

274 294 290 312 ‘³
306 283 392 348 τὴν
419 285 568 352 ἀρχὴν
594 284 680 349 τὴν
704 286 896 352 πρώτην
916 287 1084 354 ε”φερον
1110 292 1192 337 τοῦ
1220 291 1527 355 φενακισμοῦ,
1549 284 1722 350 ῗέπειδὴ
1748 288 1785 337 δ’

275 373 337 421 εἰς
375 367 428 419 τὸ
458 369 678 434 πράττειν
705 369 824 432 ἕῆδη
861 369 919 419 τὰ
944 369 1184 434 πράγμαθ’
1213 368 1364 433 11ἧκεν,
1394 369 1676 435 Φιλοκράτει
1714 371 1790 419 καὶ

275 452 425 521 τούτῳ
482 453 770 518 παρέδωκαν,
821 450 1091 519 ἰδεξάμενοι
1141 453 1177 502 δ’
1231 452 1356 502 οὗτοι
1406 451 1543 503 πάντ’
1596 452 1786 503 ἀπώλε-

187 560 264 602 109
279 559 386 586 σαν.
432 535 505 586 εἰτ’
546 535 700 598 ἐπειδὴ
740 539 811 585 δεῖ
840 534 1026 600 1(λόγον
1061 538 1135 585 καὶ
1169 536 1300 600 δίκην
1338 535 1552 603 Ῑὺπέχειν
1581 541 1676 587 τῶν
1706 558 1788 587 πε·
1802 565 1842 586 20

276 620 574 686 πραγμένων,
595 626 625 644 ¹¹³
641 617 719 676 ὧν,
743 616 880 681 οἶμαι,
904 624 1196 684 ῐ’πανοῦργος
1223 619 1356 673 οὗτος
1382 622 1457 670 καὶ
1484 624 1602 672 θεοῖς
1626 618 1791 686 ἐχθρὸς

278 706 352 753 καὶ
391 701 704 768 γραμματεὺς,
741 704 802 754 ὡς
844 701 957 767 ὑπὲρ
997 705 1114 765 οτῆς
1149 701 1329 767 εἰρήνης
1364 701 1628 767 κρινόμενος
1667 705 1788 753 ἁπο-

277 785 550 851 λογήσεται,
578 786 664 851 οὐχ
704 785 778 834 ἵνα
815 784 1046 835 πλειόνων
1073 783 1100 849 ὴ
1129 790 1380 851 κατηγορεῖ
1411 809 1479 839 τις
1513 787 1654 836 αὐτοῦ
1691 793 1711 822 Ρ
1728 790 1793 855 δῷ

278 869 440 934 λόγον·
485 869 627 931 μανία
665 866 758 933 γὰρ
797 867 934 918 τοῦτό
973 887 1043 932 γε·
1086 870 1195 918 ἀλλ’
1225 870 1313 937 ὁρᾷ
1349 873 1492 931 τοῦθ’,
1520 869 1589 919 ὅτι
1627 871 1674 919 ἐν
1707 868 1843 933 μέν25

278 958 375 1005 τοῖς
421 955 496 1020 ὑφ’
542 954 683 1002 αὑτοῦ
724 952 1070 1016 πεπραγμένοις
1115 951 1295 1016 ἀγαθὸν
1338 952 1423 1015 μὲν
1473 953 1604 1002 οὐδέν
1650 954 1795 1015 ἐστιν,

281 1035 494 1088 Ἷᾶπαντα
540 1035 587 1086 δὲ
628 1034 932 1099 τάδικήματα,
974 1035 1002 1098 ἡ
1039 1037 1074 1085 δ’
1115 1034 1230 1100 ὑπὲρ
1269 1038 1350 1099 τῆς
1395 1035 1575 1101 εἰρήνης
1620 1038 1798 1086 ἀπολο-

280 1121 374 1187 γιά,
413 1123 511 1171 Γκαὶ
551 1124 586 1170 εἰ
627 1120 770 1184 μηδὲν
807 1119 946 1181 ἄλλο,
992 1120 1196 1182 τοῦνομα
1237 1125 1353 1183 γοῦν
1393 1120 1485 1186 ἔχει
1527 1119 1797 1187 φιλάνθρω-

188 1227 386 1256 Ιιοπον.
433 1203 490 1267 ἦν
538 1203 720 1254 δέδοικα
769 1200 866 1266 μὲν,
912 1201 948 1252 ὦ
993 1202 1157 1267 ἄνδρες
1197 1203 1454 1266 Ἀθηναῖοι,
1497 1202 1691 1264 δέδοικα,
1732 1201 1796 1267 μὴ
1809 1220 1889 1265 372

281 1290 566 1352 λελήθαμεν,
606 1287 770 1353 ὥσπερ
810 1291 851 1337 οἱ
897 1285 1217 1351 δανειζόμενοι,
1262 1288 1336 1337 ἐπὶ
1375 1291 1548 1356 πολλῷ
1590 1287 1796 1352 ἄγοντες·

284 1371 455 1437 τὸγὰρ
489 1370 709 1439 ἀσφαλὲς
742 1371 883 1434 αὐτῆς
922 1372 997 1420 καὶ
1029 1369 1082 1420 τὸ
1119 1369 1313 1431 βέβαιον
1347 1369 1472 1420 οὗτοι
1510 1371 1798 1436 προῦδοσαν,

283 1455 474 1508 Φωκέας
518 1457 594 1505 καὶ
641 1455 825 1507 Πύλας·
875 1455 927 1504 οὐ
967 1452 1061 1518 μὴν
1113 1452 1188 1503 διὰ
1239 1452 1405 1504 τοῦτόν
1456 1476 1507 1518 γε
1559 1454 1616 1522 ἐξ
1653 1455 1801 1521 ἀρχῆς

281 1546 295 1565 ⁵
307 1538 643 1602 ἐποιησάμεθα,
671 1540 784 1588 ἀλλ’
819 1538 998 1589 ἄτοπον
1037 1538 1152 1600 ἵμέν
1190 1539 1334 1599 ἐστιν,
1372 1535 1396 1587 ὃ
1428 1537 1592 1599 με’λλω
1631 1536 1829 1602 λε’γειν,5

284 1621 458 1686 ἀληθὲς
485 1622 533 1673 δὲ
558 1621 699 1673 πάνυ·
743 1626 779 1672 εἰ
808 1621 900 1687 γάρ
935 1645 1005 1675 τις
1031 1624 1093 1674 ὡς
1119 1623 1310 1684 ἀληθῶς
1348 1621 1498 1686 χαίρει
1536 1624 1594 1687 τῇ
1634 1619 1803 1688 εἰρήνῃ,

283 1711 378 1759 τοῖς
404 1711 705 1771 στρατηγοῖς,
732 1704 796 1755 ὧν
834 1710 1182 1770 κατηγοροῦσιν
1220 1701 1435 1766 ἅπαντες,
1462 1703 1600 1770 χάριν
1630 1704 1805 1767 “αὐτῆς

283 1789 439 1856 ἐχέτω.
485 1794 522 1839 εἰ
549 1789 642 1855 γὰρ
668 1791 827 1839 ἐκεῖνοι
855 1791 916 1842 ὡς
952 1790 1076 1851 ὑμεῖς
1112 1787 1370 1849 ἐβούλεσθε
1409 1787 1683 1850 ἐπολέμουν,
1710 1788 1804 1838 οὐδ’

191 1893 204 1919 J
222 1892 264 1918 11
284 1872 432 1936 ὄνομα
468 1880 487 1898 Χ
505 1872 686 1938 εἰρήνης
713 1871 769 1923 ἂν
795 1880 813 1907 5
831 1874 956 1936 ὑμεῖς
990 1879 1007 1898 ²
1027 1871 1304 1938 ἠνέσχεσθε.
1348 1870 1504 1937 εἰρήνη
1529 1870 1614 1935 μὲν
1640 1872 1720 1922 οὖν
1747 1869 1802 1922 δι’
1820 1895 1859 1917 ¹0
1896 1880 1899 1934 ξ

284 1958 495 2018 ἐκείνους,
540 1957 824 2009 ἐπικίνδυνος
869 1955 917 2006 δὲ
964 1958 1039 2006 καὶ
1081 1955 1307 2023 σφαλερὰ
1352 1957 1427 2005 καὶ
1477 1955 1679 2009 ἄπιστος
1731 1954 1808 2006 διὰ

284 2040 510 2094 ἃτούτους
536 2041 703 2105 γε’γονε
735 2038 1167 2107 δωροδοκήσαντας.
1209 2039 1376 2105 εἴργετ’
1407 2040 1500 2101 οὖν,
1528 2039 1701 2105 εἴργετε
1728 2040 1808 2090 αὐ-

283 2123 366 2174 τὸν
392 2128 485 2175 τῶν
513 2122 626 2190 ὑπὲρ
651 2127 732 2187 τῆς
760 2122 941 2190 εἰρήνης
960 2122 1135 2188 λόγων,
1163 2126 1225 2176 εἰς
1253 2122 1302 2173 δὲ
1327 2121 1434 2175 τοὺς
1461 2122 1576 2188 ὑπὲρ
1602 2126 1697 2173 τῶν
1721 2146 1808 2174 πε-

284 2210 568 2275 πραγμένων
605 2208 929 2275 υέμβιβάζετε.
975 2209 1028 2258 οὐ
1063 2207 1155 2274 γὰρ
1195 2208 1426 2275 Αἰσχίνης
1466 2207 1580 2272 ὑπὲρ
1619 2210 1702 2271 τῆς
1741 2211 1803 2257 εἰ·

344 2367 359 2385 e
380 2361 439 2404 τὴν
459 2360 566 2405 ἀρχὴν
587 2372 656 2394 om.
680 2361 778 2395 k.1·.S.
801 2366 835 2395 et
852 2376 910 2412 ys).
934 2361 1019 2400 ΞΩ.
1132 2357 1147 2385 f
1168 2360 1300 2406 ἐπειδὴ]
1326 2360 1398 2394 ἐπεὶ
1419 2359 1506 2398 RQ.
1618 2366 1639 2394 g
1659 2357 1720 2401 ἤδη
1741 2369 1811 2391 om.

288 2415 402 2448 A.k.s.
514 2411 532 2437 h
553 2413 629 2457 ἧκεν
649 2414 979 2453 F.S.Y.Q.O.t.u.v.
1012 2413 1092 2456 ἧκον
1112 2414 1232 2459 vulgo.
1344 2410 1353 2437 i
1375 2414 1552 2457 δεξάμενοι
1574 2410 1811 2450 S.Q.O.t.u.v.

289 2473 325 2502 et
343 2466 515 2501 editiones
536 2472 616 2500 ante
639 2467 833 2508 Reiskimn,
855 2468 915 2513 qui
936 2467 1149 2511 ἐκδεξάμενοι
1170 2479 1211 2500 ex
1232 2467 1274 2500 A.
1297 2466 1418 2500 edidit.
1523 2462 1539 2486 k
1561 2463 1683 2511 λόγον]
1707 2465 1813 2509 λόγον

289 2521 391 2555 αὐτὸν
412 2533 438 2553 S.
460 2526 495 2554 et
513 2534 568 2565 γρ.
591 2520 674 2558 S.Q.
815 2518 824 2545 l
845 2520 997 2567 ὑπέχειν]
1020 2521 1187 2564 ὑποσχεῖν
1206 2520 1319 2553 A.k.s.
1341 2525 1376 2553 et
1397 2533 1452 2565 γρ.
1477 2518 1562 2557 S.Q.
1689 2522 1720 2541 m
1741 2515 1807 2562 ὧν]

290 2571 335 2608 ὧν
356 2573 492 2608 A.r.s.t.
516 2579 551 2607 et
572 2578 748 2607 correctus
769 2574 807 2607 F.
967 2579 987 2597 Π
1007 2572 1216 2618 πανοῦργος]
1241 2574 1258 2605 ὁ
1279 2575 1472 2617 πανοῦργος
1493 2570 1605 2605 O.t.u.
1628 2575 1663 2605 et
1681 2582 1750 2604 rec.
1772 2569 1812 2604 F.

291 2633 309 2652 0
329 2627 388 2669 τῆς
408 2639 477 2660 om.
501 2627 536 2660 S.
647 2631 666 2659 P
683 2626 749 2673 δῷ]
775 2627 880 2661 δώσει
899 2639 926 2660 r.
958 2627 1066 2670 δώσηι
1082 2626 1127 2664 Q.
1240 2632 1258 2659 ‘l
1283 2625 1433 2671 ἅπαντα]
1458 2625 1567 2658 πάντα
1586 2636 1615 2658 r.
1726 2628 1742 2648 Γ
1761 2623 1814 2656 καὶ

291 2679 337 2726 εἰ]
363 2679 392 2712 εἷ
411 2681 464 2712 καὶ
485 2679 599 2715 O.t.u.
757 2685 771 2704 S
795 2679 1043 2726 ἐποιησάμεθα]
1068 2679 1299 2723 ἐποιησάμεθα
1319 2679 1380 2722 τὴν
1400 2677 1531 2724 εἰρήνην
1549 2691 1604 2723 γρ.
1626 2676 1716 2716 RQ.
1739 2681 1774 2710 et
1793 2687 1814 2710 a

293 2779 339 2800 m.
361 2778 430 2800 sec.
455 2766 489 2800 S.
613 2768 621 2788 ἵ
651 2765 712 2809 μέν
732 2778 801 2800 om.
824 2765 868 2799 O.
980 2771 1001 2790 Π
1029 2765 1147 2811 αὐτῆς]
1174 2742 1276 2807 αὐτῗγιέ
1298 2765 1336 2799 F.
1369 2765 1482 2799 αὐτοῖς
1503 2763 1648 2798 O.t.u.v.
1680 2775 1749 2797 om.
1770 2763 1812 2797 A.

293 2820 359 2854 k.s.
472 2824 487 2839 x
509 2818 656 2865 εἰρήνης]
682 2818 813 2863 εἰρήνην
833 2819 874 2853 Y.
1001 2825 1020 2852 y
1041 2819 1133 2861 ὑμεῖς
1153 2830 1223 2852 0111.
1246 2818 1356 2851 A.k.s.
1469 2824 1485 2842 Ζ
1505 2815 1713 2862 ἠνέσχεσθε]
1739 2815 1812 2860 ἠνέ-

1394 2879 1457 2905 συμ

293 2915 399 2958 χεσθε
421 2927 448 2948 S.
571 2919 590 2939 ἃ
605 2913 764 2961 τούτους]
789 2907 933 2948 τούτους
955 2914 990 2948 S.
1116 2909 1136 2938 b
1157 2912 1374 2959 ἐμβιβάζετε]
1399 2912 1599 2956 ἐμβιβάζετε
1619 2912 1658 2947 F.
1689 2913 1814 2956 συμβι-

294 2968 414 3009 βάζετε
436 2968 567 3007 S.Y.Q.
