1903 3271
966 525 1054 573 ΙΘ.
1779 536 1860 581 333

418 686 607 738 ΠΕΡΙ
658 686 828 737 ΤΗΣ
882 685 1592 738 ΠΑΡΑΠΡΕΣΒΕΙΑΣ.

770 948 985 977 ΛΙΒΑΝῙΟΥ
1014 946 1251 976 ΥΠΟΘΕΣΙΣ.

301 1034 467 1081 Αἰσχίνης
492 1035 531 1080 ἧν
556 1036 640 1083 ἀνὴρ
664 1036 854 1080 Ἀθηναῖος,
879 1039 950 1074 υἱὸς
975 1037 1188 1084 Ἀτρομήτου
1214 1038 1268 1071 καὶ
1293 1037 1515 1077 Γλαυκοθέας,
1538 1035 1771 1082 Ηάμφοτέρων

246 1100 388 1146 ἀδόξων,
420 1100 463 1137 ὥς
495 1102 586 1147 φησι
619 1103 850 1147 Δημοσθένης·
889 1104 949 1137 τὸν
981 1104 1042 1147 μὲν
1074 1104 1141 1149 γὰρ
1172 1103 1353 1148 γράμματα
1387 1101 1605 1142 διδάσκοντα,
1639 1101 1700 1144 τὴν
1732 1101 1770 1135 δὲ

246 1165 475 1211 καθαίρουσαν
511 1167 564 1200 καὶ
601 1168 740 1202 τελετάς
776 1181 869 1203 τινας
905 1164 978 1202 bol'J
1016 1167 1206 1202 σπουδαίας
1243 1167 1442 1201 ὓτελοῦσάν
1478 1167 1569 1211 φησι
1607 1162 1798 1209 (Ῑδιαζῆν.5

246 1229 474 1274 παραδέδοται
502 1230 539 1264 δὲ
569 1231 621 1264 καὶ
649 1231 750 1266 αὐτὸς
777 1232 794 1264 ὁ
819 1230 986 1276 Αἰσχίνης
1013 1231 1210 1278 τραγῳδιῶν
1236 1245 1272 1264 τε
1301 1230 1484 1276 ὑποκριτὴς
1510 1231 1690 1276 ’γενόμενος
1717 1229 1771 1263 καὶ

245 1294 462 1340 γραμματεὺς
484 1296 543 1339 τῆς
569 1296 714 1338 πόλεως,
736 1295 808 1339 ἥτις
828 1294 867 1339 ἧν
887 1297 1026 1340 εὐτελὴς
1045 1294 1225 1341 ὑπηρεσία.
1265 1294 1412 1341 ὕστερον
1436 1295 1551 1339 μέντοι
1576 1299 1643 1329 τῶν
1667 1294 1768 1340 ῥητό-

245 1372 314 1403 ρων
333 1356 380 1394 εῗς
400 1359 546 1405 ἐγένετο,
568 1359 622 1393 καὶ
646 1359 724 1405 περὶ
749 1361 809 1403 τῆς
832 1359 962 1406 εἰρήνης
980 1360 1065 1406 πρὸς
1085 1360 1257 1394 Φίλιππον
1277 1359 1502 1404 ἐπρέσβευσε.
1540 1360 1771 1403 πολεμοῦντες
1786 1370 1823 1392 10
1875 1400 1877 1406 A

244 1425 311 1469 γὰρ
333 1421 532 1467 ΕἈθηναῖοι
556 1424 716 1472 Φιλίππῳ
741 1425 819 1470 περὶ
844 1422 1101 1470 Ἀμφιπόλεως,
1129 1425 1181 1459 καὶ
1208 1424 1325 1459 πολλὰ
1353 1424 1414 1467 μὲν
1439 1423 1535 1457 αὐτοὶ
1560 1419 1675 1457 Ῐ’δεινὰ
1703 1423 1768 1457 πά-

246 1500 403 1531 σχοντες,
435 1486 580 1532 δρῶντες
608 1487 645 1521 δέ
674 1488 772 1521 οὐδὲν
800 1487 896 1532 ἄξιον
924 1489 1046 1534 λόγου,
1078 1488 1288 1531 ἐπείσθησαν
1321 1487 1405 1531 ὑπὲρ
1434 1486 1564 1532 εἰρήνης
1598 1485 1770 1532 πρεσβεύ-

246 1551 376 1585 σασθαι
404 1552 490 1596 πρὸς
519 1552 737 1586 ἕΦίλιππον.
781 1553 957 1596 πέμπουσι
985 1549 1059 1596 11δὴ
1088 1553 1254 1598 πρέσβεις
1283 1552 1361 1586 δέκα
1389 1551 1448 1584 τὸν
1476 1551 1630 1596 ἀριθμὸν,
1658 1551 1694 1585 ἐν
1719 1548 1769 1586 οἷς

244 1615 410 1660 Αἰσχίνης
435 1630 472 1649 τε
501 1616 554 1649 καὶ
580 1616 800 1660 Δημοσθένης
825 1614 925 1659 ἦσαν.
972 1613 1178 1661 ίδεξαμένου
1202 1616 1238 1650 δέ
1262 1615 1434 1649 Φιλίππου
1461 1611 1555 1650 1(τὰς
1579 1613 1766 1655 διαλύσεις,
1784 1623 1819 1654 15
1873 1617 1875 1628 '

245 1679 350 1713 πάλιν
375 1680 407 1712 οἱ
431 1680 527 1713 αὐτοὶ
550 1678 786 1724 πρεσβεύουσι
806 1679 975 1726 δεύτερον,
997 1679 1088 1715 ὅπως
1107 1681 1138 1713 οἶ
1161 1681 1238 1724 περὶ
1263 1681 1322 1722 τῆς
1343 1678 1472 1724 εἰρήνης
1491 1678 1584 1724 ὅρκοι
1603 1678 1767 1724 γένοιντο.

243 1744 321 1788 περὶ
353 1741 416 1788 Ῑδὴ
450 1746 557 1778 ταῦτα
593 1745 635 1777 τὰ
667 1745 850 1790 πράγματα
883 1746 1063 1791 κατηγορεῖ
1095 1746 1113 1778 ὁ
1145 1744 1364 1787 Δημοσθένης
1397 1743 1563 1788 Αἰσχίνου
1596 1741 1685 1788 τρία,
1716 1742 1770 1777 ὅτι

243 1808 473 1853 Φιλοκράτους
499 1808 648 1853 αἰσχρὰν
672 1808 725 1842 καὶ
750 1807 957 1854 ἀσύμφορον
980 1808 1112 1854 εἰρήνην
1132 1809 1372 1855 Πἱγράφοντος
1399 1809 1559 1841 συνεῖπεν
1584 1809 1684 1856 αὐτῷ·
1716 1807 1768 1842 ὅτι
1781 1819 1822 1842 20

242 1872 322 1907 τοὺς
350 1874 496 1917 χρόνους
525 1873 792 1914 Πκατανάλωσε,
822 1874 900 1918 παρ’
931 1872 948 1906 ὃ
982 1873 1111 1917 συνέβη
1144 1873 1186 1906 τὰ
1221 1873 1255 1906 έν
1289 1870 1404 1917 Θρᾴκῃ
1435 1871 1674 1917 διαφθαρῆναι·
1716 1871 1769 1906 ὅτι

242 1936 355 1981 ψευδῆ
376 1937 461 1980 πρὸς
480 1935 679 1980 Ἀθηναίους
699 1936 898 1984 ἀπήγγειλε,
919 1937 997 1983 παρ’
1018 1936 1036 1971 ὃ
1057 1939 1185 1981 συνέβη
1206 1938 1331 1972 Φωκεῖς
1356 1936 1559 1971 ἀπολέσθαι·
1590 1933 1663 1971 εἷπε
1687 1937 1766 1983 γὰρ,

242 2001 365 2045 φησὶν,
397 1999 448 2034 ὅτι
477 2001 611 2036 Φωκέας
640 2001 699 2035 οὐκ
728 2001 902 2047 ἀναιρήσει
932 2002 1115 2042 Φίλιππος,
1146 2001 1198 2035 καὶ
1229 2001 1322 2045 ὑμεῖς
1351 1999 1490 2048 Οτούτῳ
1518 1999 1768 2037 πιστεύσαντες
1780 2010 1818 2042 ²5
1870 2033 1871 2037 ,

243 2063 303 2096 οὐκ
332 2062 543 2107 ἐβοηθήσατε
574 2065 646 2098 τοῖς
673 2063 828 2109 ἀνδράσι.
872 2064 963 2109 φησὶ
991 2064 1027 2098 δέ
1058 2065 1164 2097 ταῦτα
1194 2063 1305 2097 πάντα
1335 2063 1391 2097 ἐπὶ
1422 2063 1537 2110 μισθῷ
1565 2064 1618 2097 καὶ
1647 2063 1768 2109 δώροις
1778 2068 1860 2112 334

242 2127 302 2160 τὸν
333 2126 501 2171 Αἰσχίνην
531 2129 839 2173 κεκακουργηκέναι.
888 2127 939 2171 Ρὴ
971 2127 1096 2163 στάσις
1126 2128 1202 2172 περὶ
1233 2127 1365 2167 οὐσίας,
1397 2127 1450 2160 καὶ
1480 2126 1704 2171 στοχαστική.
1748 2126 1767 2170 ἡ

243 2190 279 2224 δὲ
311 2191 441 2234 κίνησις
473 2191 532 2234 τῆς
564 2191 720 2236 (Ιὲχθρας
752 2192 889 2237 λέγεται
924 2191 979 2225 διὰ
1010 2191 1184 2236 Τίμαρχον
1215 2191 1275 2224 τὸν
1307 2190 1415 2235 φίλον
1445 2190 1696 2234 Δημοσθένους,
1730 2188 1768 2223 ὃν

242 2253 440 2298 Γῆτίμωσεν
465 2255 655 2299 εΑἰσχίνης
681 2255 918 2302 κατηγορήσας
944 2255 988 2291 ὣς
1016 2258 1117 2289 κακοῦ
1140 2255 1233 2297 βίου,
1256 2255 1343 2289 διότι
1367 2255 1453 2300 πρὸς
1471 2255 1686 2288 Πιττάλακον
1707 2255 1795 2294 τὸν5

241 2318 406 2364 ὀρνιθίαν,
427 2319 551 2364 φησὶν,
574 2318 682 2362 εἰσῄει
705 2321 878 2366 εὔμορφος
897 2320 955 2363 ὢν,
978 2321 1032 2355 ἐπὶ
1051 2322 1099 2367 τῷ
1118 2319 1287 2354 ῑθεᾶσθαι
1312 2320 1373 2355 τὰς
1395 2320 1506 2364 μάχας
1524 2322 1591 2353 τῶν
1610 2318 1765 2365 ὀρνίθων,

242 2384 525 2429 διαφθειρόμενον
544 2384 598 2417 καὶ
617 2383 874 2429 διαφθείροντα.

297 2541 316 2561 a
334 2535 540 2582 ἀμφοτέρων
559 2534 707 2581 ἀδόξων]
732 2535 862 2580 ἀδόξων
880 2535 1083 2581 ἀμφοτέρων
1103 2535 1145 2569 Y.
1232 2531 1251 2559 b
1272 2535 1311 2568 οὐ
1332 2547 1401 2569 om.
1418 2533 1462 2569 Y.
1539 2539 1555 2559 θ
1575 2532 1762 2580 τελοῦσάν]

241 2589 518 2635 διαγγέλλουσαν
538 2589 641 2624 F.t.V.
790 2586 808 2613 d
828 2589 962 2635 διαζῆν]
988 2590 1046 2632 ζῆν
1066 2589 1107 2623 F.
1256 2594 1272 2613 e
1290 2587 1478 2634 Ἀθηναῖοι]
1503 2588 1536 2621 οἱ
1553 2588 1705 2631 ἀθηναῖοι
1725 2587 1765 2622 F.

242 2639 258 2667 f
274 2642 366 2676 δεινὰ
385 2654 455 2676 om.
474 2654 507 2675 v.
674 2647 694 2674 g
714 2642 887 2676 Φίλιππον
909 2643 952 2677 Β.
975 2648 1022 2684 et,
1045 2647 1084 2676 ut
1104 2642 1253 2682 videtur,
1274 2641 1411 2675 codices
1432 2641 1596 2675 Bekkeri.
1626 2641 1687 2674 τὸν
1706 2641 1764 2674 Φί-

241 2697 372 2729 λιππον
391 2696 508 2741 vulgo.
617 2692 636 2719 h
657 2695 714 2741 δὴ]
740 2695 776 2729 δέ
797 2700 824 2730 t.
937 2693 946 2720 i
967 2695 1169 2741 δεξαμένου]
1195 2695 1370 2739 δεξάμενοι
1391 2695 1467 2728 F.V.
1571 2691 1591 2718 k
1611 2693 1688 2739 τὰς]
1712 2694 1766 2727 καὶ

242 2749 302 2784 τὰς
321 2749 360 2783 F.
444 2746 453 2773 Ῑ
475 2748 515 2792 δὴ
534 2754 561 2783 t.
592 2748 628 2781 δέ
647 2749 765 2795 vulgo.
842 2754 872 2773 m
891 2749 1088 2794 γράφοντος
1107 2749 1149 2782 Y.
1179 2749 1341 2794 λέγοντος
1360 2749 1413 2782 καὶ
1431 2748 1626 2793 γράφοντος
1645 2747 1763 2793 vulgo.

242 2823 261 2842 Π
283 2819 503 2852 κατανάλωσε
523 2818 595 2853 Y.t.
627 2799 846 2861 κατανήλωσε
868 2819 905 2852 F.
937 2819 1155 2862 κατηνάλωσε
1175 2818 1293 2864 vulgo.
1410 2822 1428 2842 0
1448 2815 1576 2865 τούτῳ]
1601 2818 1702 2850 τοῦτο
1723 2817 1763 2850 F.

242 2876 262 2903 P
283 2871 301 2914 ἡ
322 2871 739 2917 στάσις-στοχαστικὴ]
763 2871 823 2914 τὴν
844 2870 1262 2916 στάσιν-στοχαστικήν
1283 2871 1403 2905 F.Y.v.
1541 2876 1558 2903 q
1579 2870 1704 2915 ἔχθρας
1723 2869 1765 2904 Y.

239 2925 350 2968 μάχης
367 2925 486 2970 vulgo.
572 2930 587 2949 ¹¹
606 2923 794 2970 ἠτίμωσεν]
818 2923 984 2969 ἠτίμασεν
1004 2925 1044 2960 F.
1139 2930 1154 2949 ³
1174 2924 1339 2969 Αἰσχίνης
1359 2936 1428 2959 om.
1446 2924 1484 2958 F.
1570 2922 1584 2948 ῑ
1603 2921 1763 2968 θεᾶσθαι]

241 2976 434 3011 θεάσασθαι
455 2978 495 3012 F.
