1903 3271
260 181 343 220 402
806 183 1233 222 ΔΗΜΟΣΘΕΝΟΎΣ
1343 159 1442 219 Ὀιι.
1468 178 1605 219 XIX.
1630 193 1670 234 p.
1687 178 1784 233 382,
1805 195 1842 222 ιο

259 296 297 342 εἰ
334 293 456 342 τοῦτ’
491 292 622 343 ε”στιν
661 291 846 357 ἀληθὲς,
880 294 962 343 οὐκ
1001 293 1093 360 ἔχω
1131 291 1453 356 σκοπούμενος
1488 293 1633 357 εὑρεῖν
1670 291 1695 341 ὅ
1730 314 1775 342 τι

258 375 439 441 ῧμεῖῷν
472 376 638 428 τούτου
672 375 999 442 κατηγορήσω.
1059 380 1096 426 εἰ
1132 375 1224 441 γὰρ
1259 377 1283 426 ὁ
1321 379 1404 439 τῆς
1438 375 1617 442 εἰρήνης
1651 373 1768 442 χρή-
1789 396 1830 418 ²0

256 461 362 522 ματ’
401 459 658 513 ἀναλώσας
703 458 827 509 ὥστε
876 463 1046 525 τυχεῖν,
1090 458 1223 512 οὗτος
1273 460 1394 509 οὕτω
1437 457 1635 524 ἲ’γε’γονε
1680 465 1768 526 φο·

256 543 396 609 βερὸς
448 546 523 593 καὶ
579 543 739 608 μέγας,
789 542 913 593 ὥστε
970 547 1064 592 τῶν
1118 541 1270 607 ὅρκων
1320 544 1395 592 καὶ
1445 546 1539 592 τῶν
1590 543 1778 592 δικαίων

256 626 617 691 οἀμελήσαντας
655 629 772 688 ὑμᾶς
805 627 894 690 ἤδη
928 627 977 676 τί
1009 626 1236 693 Φιλίππῳ
1268 623 1533 692 ἀχαριεῖσθε
1566 630 1776 687 σκοπεῖν,
1822 645 1826 649 ·

255 711 305 760 τί
334 709 564 763 παθόντες
600 710 657 760 ἂν
692 714 733 760 οἱ
768 710 947 760 τούτων
980 709 1115 759 αἴτιοι
1151 708 1237 772 τὴν
1269 708 1613 776 προσήκουσαν
1645 710 1775 773 δίκην
1789 732 1827 764 25

163 804 238 855 148
255 794 503 847 δεδωκότες
540 792 664 855 εἷεν,
717 795 770 844 οὐ
808 793 901 857 μὴν
937 796 1044 843 ἀλλ’
1076 793 1146 843 ὅτι
1183 795 1258 844 καὶ
1295 795 1458 861 φιλίας
1497 792 1619 860 ἀρχὴ
1655 816 1778 857 συμ-

254 877 492 945 φερούσης
519 879 653 940 θὺμῖν
680 876 692 904 f

252 963 328 1010 καὶ
359 963 481 1011 τοῦτ’
508 968 530 995 g
537 960 690 1024 οἴομαι
719 959 896 1028 δείξειν.
948 960 997 1009 εὖ
1024 958 1118 1024 γὰρ
1145 959 1310 1010 εἰδέναι
1337 959 1428 1026 χρὴ
1455 961 1594 1021 τοῦθ’,
1622 960 1693 1010 ὅτι
1723 961 1777 1010 οὐ

698 879 819 928 οὕτω
853 882 1045 939 μᾶλλον
1081 878 1130 926 ἐκ
1165 881 1258 926 τῶν
1294 876 1483 927 εἰκότων
1515 875 1776 941 γενήσεται,

251 1049 540 1111 καταφρονεῖ
563 1045 817 1106 Φίλιππος,
844 1042 880 1094 ὦ
907 1043 1070 1109 ἄνδρες
1095 1045 1352 1108 Ἀθηναῖοι,
1377 1047 1458 1107 τῆς
1483 1042 1668 1097 πόλεως
1694 1047 1777 1108 τῆς

251 1126 523 1192 11ὑμετέρας,
564 1129 657 1179 οὐδ’
700 1128 1076 1195 ἀχρηστοτέρους
1120 1127 1345 1190 ὶνομίσας
1390 1130 1507 1190 ὑμᾶς
1547 1130 1775 1192 Θηβαίων
1786 1133 1839 1187 38

250 1213 447 1266 ἐκείνους
489 1213 620 1262 εἵλετ’
664 1213 764 1262 ἀνθ’
806 1213 949 1274 ὑμῶν.
1013 1213 1124 1262 ἀλλ’
1169 1212 1258 1263 ὑπὸ
1300 1211 1479 1262 τούτων
1516 1210 1776 1280 1(ἐδιδάχθη

250 1297 326 1346 καὶ
361 1300 492 1346 ταῦτ’
520 1295 737 1359 ἤκουσεν,
763 1293 818 1344 Ῑᾶ
852 1297 927 1345 καὶ
964 1294 1195 1361 πρότερόν
1232 1297 1335 1346 ποτ’
1364 1293 1494 1346 εἷπον
1529 1294 1622 1361 ἐγὼ
1656 1295 1776 1362 πρὸς

157 1398 236 1438 149
252 1380 371 1442 ὑμᾶς
405 1382 453 1430 ἐν
485 1382 552 1447 τῷ
585 1379 718 1448 δήμῳ
758 1381 832 1429 καὶ
871 1376 1049 1428 τούτων
1084 1379 1230 1431 οὐδεὶς
1265 1381 1491 1441 ἀντεῖπεν,
1527 1382 1589 1433 ὡς
1627 1381 1652 1430 ὁ
1689 1380 1776 1444 μὲν

249 1463 395 1526 δῆμός
437 1465 617 1514 ωέστιν
661 1460 1086 1526 ἀσταθμητότατον
1128 1467 1362 1527 ῃπρᾶγμα
1412 1467 1505 1513 τῶν
1547 1462 1802 1517 0ποῖντωνε

249 1549 326 1597 καὶ
355 1546 793 1608 Ράσυνθετώτατον,
825 1544 989 1609 ὥσπερ
1022 1546 1070 1595 ἐν
1106 1544 1320 1612 θαλάττῃ
1352 1551 1568 1609 Ἶπνεῦμα
1602 1547 1775 1598 ἀκατά-

249 1653 441 1692 στατον,
482 1632 542 1683 ὡς
586 1628 643 1680 ἂν
686 1629 819 1697 τύχῃ,
861 1637 876 1655 ¹'
894 1629 1178 1691 κινούμενος.
1238 1630 1295 1679 5ο
1340 1629 1426 1691 μὲν
1466 1628 1626 1693 ἦλθεν,
1667 1632 1692 1681 ὁ
1733 1633 1771 1682 δ’

249 1717 474 1778 ἀπῆλθεν·
530 1713 663 1778 με’λει
710 1715 747 1762 δ’
789 1715 938 1764 οὐδενὶ
982 1717 1076 1763 τῶν
1128 1717 1307 1772 κοινῶν,
1348 1712 1480 1764 ῑούδὲ
1523 1714 1767 1779 μέμνηται.

249 1800 320 1848 δεῖ
367 1798 421 1848 δέ
465 1821 593 1850 τινας
639 1798 809 1865 φίλους
861 1795 1086 1863 ὑπάρχειν
1127 1794 1234 1850 τοὺς
1280 1796 1459 1846 ἕκαστα
1501 1798 1848 1866 πράξονταςω,

248 1882 328 1931 “ε’ν
366 1883 473 1944 ὑμῖν
506 1882 657 1949 Χαὺτῲ
696 1883 771 1931 καὶ
807 1878 1145 1943 διοικήσοντας,
1179 1879 1301 1930 y0501)
1334 1879 1501 1933 Ζαύτὸς
1536 1879 1608 1944 δή·
1653 1881 1767 1932 κᾶν-

247 1987 336 2030 περ
371 1966 498 2034 αὗτῲ
538 1970 674 2015 τοῦτο
713 1966 1129 2030 εικατασκευασθῇ,
1167 1969 1263 2013 πᾶν
1301 1962 1326 2013 ὅ
1364 1986 1409 2013 τι
1448 1963 1506 2012 ἂν
1538 1964 1772 2028 βούληται

156 2070 234 2110 150
248 2048 357 2114 παρ’
395 2049 501 2109 ὑμῖν
537 2047 707 2114 ῥᾳδίως
746 2045 1065 2114 διαπράξεται.
1124 2050 1161 2095 εἰ
1203 2045 1287 2108 μὲν
1329 2046 1410 2095 οὖν
1448 2044 1662 2108 ἤκουσεν,
1698 2045 1768 2097 οῖ-

302 2188 321 2207 a
339 2184 453 2225 μεῖζον
472 2181 595 2216 τούτου
615 2182 815 2217 A.S.Y.k.s.
847 2181 970 2216 τούτου
989 2184 1102 2226 μεῖζον
1121 2183 1239 2228 vulgo·
1363 2180 1379 2203 b
1398 2183 1519 2228 γέγονε
1541 2182 1623 2216 S.Y.
1660 2183 1772 2229 Lege-

247 2236 350 2270 batur
370 2238 428 2269 νῦν
446 2235 580 2282 γέγονε,
725 2241 741 2260 0
760 2235 1016 2281 ἀμελήσαντας]
1043 2235 1278 2279 ἀμελήσοντος
1299 2235 1386 2274 RQ.
1535 2232 1555 2260 d
1573 2235 1768 2282 χαριεῖσθε]

245 2299 440 2367 χαριεῖσθαει
462 2322 501 2355 F.
531 2321 726 2367 χαριεῖσθαι
746 2321 856 2360 Q.1¹.v.
964 2327 979 2346 e
1001 2322 1094 2368 ὑμῖν]
1121 2321 1199 2365 ἡμῖν
1218 2321 1458 2360 A.F.Q.k.l·.s.
1557 2318 1573 2346 f
1589 2321 1678 2356 οὕτω
1697 2334 1768 2357 om.

246 2375 418 2414 F.Q.O.v.
521 2381 542 2408 g
562 2374 693 2420 οἴομαι]
717 2371 810 2418 οἶμαι
829 2376 870 2408 A.
985 2372 1002 2400 1¹
1026 2375 1205 2419 ὑμετέρας]
1231 2375 1394 2419 ἡμετέρας
1412 2375 1492 2409 Λ.1(.
1597 2372 1607 2399 i
1628 2375 1771 2418 νομίσας

246 2428 350 2474 ὑμᾶς]
372 2428 456 2471 ὑμᾶς
477 2427 620 2471 νομίσας
636 2440 663 2462 r.
686 2425 830 2471 νομίσας
846 2428 930 2470 ἡμᾶς
947 2428 985 2461 F.
1008 2428 1091 2471 ὑμᾶς
1110 2440 1178 2461 om.
1194 2428 1392 2461 A.S.Y.k.s.
1469 2425 1489 2451 k
1510 2428 1669 2473 ἐδιδάχθη
1689 2435 1771 2463 ante

245 2481 311 2515 ὑπὸ
337 2482 438 2527 ponit
457 2494 486 2515 r.
656 2478 665 2505 ¹
688 2480 725 2526 ἃ]
750 2479 836 2527 ἅπερ
857 2481 1008 2515 F.Y.t.u.
1175 2487 1206 2505 m
1226 2481 1322 2514 ἐστιν
1343 2481 1378 2514 S.
1411 2481 1506 2514 ἐστιν
1525 2480 1631 2526 ὄχλος
1649 2482 1767 2528 vulgo.

245 2540 266 2558 n
291 2536 431 2580 πρᾶγμα
456 2533 540 2579 τῶν]
572 2535 781 2580 πραγμάτων
803 2535 871 2569 SA'.
1047 2539 1065 2559 0
1092 2534 1227 2568 πάντων
1247 2534 1443 2568 A.S.Y.k.S.
1474 2534 1631 2568 ἁπάντων
1650 2535 1768 2581 vulgo.

246 2593 264 2620 P
283 2587 580 2633 ἀσυνθετώτατον]
604 2587 864 2621 ἀσυνετώτατον
881 2587 1187 2626 F.S.Y.Q.r.t.u.v.
1206 2592 1242 2621 et
1261 2593 1437 2621 correctus
1458 2587 1502 2622 Ο.
1578 2594 1598 2621 q
1616 2588 1765 2634 πνεῦμα]

244 2643 331 2684 κῦμα
359 2641 445 2687 legit
473 2642 528 2675 vel
557 2641 740 2675 substituit
766 2641 916 2686 Appian.
940 2641 981 2675 B.
997 2641 1037 2675 C.
1056 2651 1092 2686 3,
1110 2651 1166 2675 20·
1206 2643 1336 2684 πνεῦμα
1362 2646 1416 2675 est
1444 2641 1538 2686 apud
1562 2641 1707 2676 Aristid.
1732 2641 1768 2675 in

243 2711 369 2745 VValZii
390 2712 494 2745 Rhet.
512 2712 580 2745 vol.
596 2722 632 2756 9.
650 2724 683 2757 p.
699 2717 789 2759 352,
806 2722 837 2746 1.
923 2717 938 2735 ¹¹
958 2710 1152 2754 κινούμενος
1173 2710 1307 2749 S.Y.Q.
1338 2704 1534 2755 κινούμενοιςι
1553 2711 1621 2745 F.t.
1656 2711 1768 2757 Lege-

243 2764 347 2798 batur
367 2763 572 2809 κινούμενον,
593 2765 630 2798 in
650 2777 720 2810 quo
741 2765 917 2798 consentit
936 2764 1118 2798 Aristides.
1254 2770 1268 2788 s
1289 2765 1307 2796 ὁ
1327 2765 1387 2807 μὲν
1407 2776 1477 2798 om.
1497 2777 1549 2810 pr.
1573 2764 1632 2798 S.:
1661 2765 1769 2799 habet

243 2818 437 2863 Appianas.
536 2817 550 2842 t
570 2818 665 2863 οὐδὲ]
687 2816 766 2851 ἀλλ’
784 2818 861 2851 οὐδὲ
883 2817 1106 2852 F.Y.O.1·.t.u
1122 2830 1153 2850 v.
1175 2823 1210 2851 et
1229 2831 1284 2862 γρ.
1303 2817 1347 2855 Q.
1442 2823 1463 2842 ¹1
1484 2817 1536 2863 ἐν]
1560 2820 1638 2862 παρ’
1655 2817 1766 2852 A.k.s.

243 2875 262 2894 Χ
283 2871 374 2918 αὐτῷ
392 2871 461 2916 καὶ]
485 2869 573 2904 οὕτω
593 2872 646 2904 καὶ
666 2872 806 2905 A.k.1'.s.
883 2877 901 2904 y
923 2869 1013 2917 οῖον]
1038 2870 1057 2904 ὅ
1076 2885 1108 2905 τι
1129 2871 1168 2904 Α.
1186 2877 1232 2911 et,
1246 2876 1286 2904 ut
1306 2870 1465 2914 conjicio,
1486 2871 1552 2904 k.s.
1629 2876 1646 2895 Ζ
1666 2871 1767 2906 αὐτὸς

243 2922 300 2968 δή]
329 2924 412 2957 αὐτὸ
438 2923 478 2968 δή
502 2929 567 2959 t.u.
615 2925 706 2971 αὐτῷ
732 2924 772 2968 δὴ
800 2924 844 2958 Ο.
893 2925 983 2958 αὐτῶ
1009 2925 1101 2959 δοκεῖ
1128 2936 1249 2970 margo
1274 2923 1318 2958 Ο.
1366 2922 1406 2957 ἂν
1432 2924 1522 2971 αὐτῷ
1548 2924 1628 2966 δοκῇ
1654 2924 1765 2958 A.k.s.

243 2980 262 3000 a
282 2977 559 3023 κατασκευασθῇ]
585 2977 840 3021 κατεσκευάσθη
862 2979 972 3013 A.1'.S.
