1930 3266
55 211 154 255 315,
176 216 226 240 ιε.
574 200 700 236 ΠΕΡΙ
730 198 840 235 ΤΟὙ
870 197 1176 234 ΣΤΕΦΑΝΟὙ.
1549 190 1627 230 331

119 312 458 377 πληγήσεσθαι
494 311 775 374 προσδοκῶν
801 308 872 374 ἐφ’
901 305 967 359 οἷς
1005 308 1208 372 111σαυτῷ
1234 303 1448 370 συνῄδεις
1488 305 1620 353 Ποἱδι-

121 401 289 456 κοῦντι,
332 395 380 443 ἐν
421 392 488 445 οἷς
533 393 568 442 δ’
612 390 857 456 ἠτύχησαν
898 393 941 439 οἱ
985 389 1140 449 ἄλλοι,
1187 387 1365 452 θρασὺς
1406 386 1470 437 ὧν
1510 388 1620 454 Οὑφ’

25 491 108 544 328
122 477 341 529 ἁπάντων
359 474 505 543 ῶψαι.
547 475 694 524 καίτοι
721 472 853 524 ὅστις
877 473 1044 538 χιλίων
1063 475 1272 522 πολιτῶν
1293 470 1625 520 ἀποθανόντων

117 559 388 626 Ρέθοῖρρησε,
415 559 464 608 τί
486 557 619 610 οὗτος
643 559 807 607 παθεῖν
834 553 922 604 ὑπὸ
949 558 1042 604 τῶν
1061 553 1245 618 ζώντων
1266 551 1436 605 δίκαιός
1463 554 1622 611 ἐστιν;

117 641 282 695 πολλὰ
319 642 473 692 τοίνυν
507 640 615 706 ἕτερ’
654 642 795 689 εἰπεῖν
830 638 949 705 ε”χων
979 639 1084 703 περὶ
1119 638 1258 687 αὐτοῦ
1299 637 1720 703 (ῙπαραλείψωἊῧῙὸ

121 727 173 777 οὐ
213 724 306 790 γὰρ
357 724 428 774 ὅσ’
473 723 561 773 τᾶν
611 722 810 790 δείξαιμι
858 720 1081 786 προσόντ’
1127 718 1304 786 αἰσχρὰ
1353 718 1503 787 τούτῳ
1553 721 1629 769 καὶ

121 808 285 870 ὀνείδη,
324 805 458 857 πάντ’
499 803 623 868 οἶμαι
658 807 751 855 δεῖν
786 805 982 870 εὐχερῶς
1023 802 1190 868 λέγειν,
1217 803 1328 852 ἀλλ’
1357 801 1451 852 ὅσα
1484 801 1630 866 μηδὲν

123 888 323 957 αἰσχρόν
348 891 478 939 ἐστιν
504 893 644 940 εἰπεῖν
670 889 781 950 ἐμοί.

29 990 110 1034 329
198 972 461 1041 Έξέτασον
501 972 654 1022 τοίνυν
699 976 808 1036 παρ’
848 971 1044 1033 ἄλληλα
1092 969 1151 1020 τὰ
1192 973 1271 1019 σοὶ
1322 971 1493 1032 5κοίμοὶ
1541 973 1661 1030 ,Be-5

123 1056 342 1119 βιωμένα,
386 1055 560 1121 πράως,
605 1053 699 1117 ίίμὴ
743 1059 932 1120 πικρῶς,
978 1055 1200 1121 Αἰσχίνη·
1268 1052 1345 1104 εἶτ’
1391 1053 1631 1119 ἐρώτησον

123 1143 343 1192 τουτουσὶ
385 1139 470 1204 τὴν
509 1140 738 1205 “ποτε’ρου
774 1138 919 1205 τύχην
959 1137 1015 1189 ἂν
1051 1139 1190 1188 ἕλοιθ’
1228 1139 1424 1191 ἕκαστος
1465 1138 1630 1188 αὐτῶν.

123 1224 399 1276 Χέδίδασκες
443 1221 711 1288 γράμματα,
754 1220 846 1285 ἐγῶ
891 1223 927 1270 δ’
974 1222 1190 1289 ἐφοίτων.
1234 1220 1415 1282 ἐτέλεις,
1459 1218 1551 1285 ἐγὼ
1591 1219 1630 1268 δ’

123 1305 394 1370 ἐτελούμην.
448 1304 694 1372 Ῡέχόρευες,
739 1303 830 1370 ἐγῶ
872 1306 908 1354 δ’
957 1303 1228 1371 ἐχορήγουν.
1276 1303 1633 1369 ἐγραμμάτευες,

125 1388 215 1455 ἐγῶ
249 1391 286 1438 δ’
325 1388 684 1454 Ζήκκλησίαζον.
731 1388 1142 1453 ἐτριταγωνίστεις,
1178 1386 1268 1452 ἐγώ
1310 1390 1350 1436 δ’
1386 1386 1627 1451 ἐθεώρουν.
1648 1409 1686 1430 10

125 1472 403 1541 ae'ge'mwres,
429 1471 521 1537 ἐγὼ
561 1473 597 1522 δ’
633 1471 888 1537 ἐσύριττον.
931 1470 1044 1536 ὑπὲρ
1083 1476 1176 1520 τῶν
1214 1472 1394 1537 ἐχθρῶν
1430 1470 1629 1521 πεπολί-

34 1579 290 1622 33οτευσαι
332 1554 501 1618 πάντα,
546 1553 637 1620 ἐγὼ
685 1556 720 1604 δ’
769 1555 883 1620 ὑπὲρ
926 1557 1008 1617 τῆς
1057 1555 1294 1621 πατρίδος.
1361 1556 1420 1604 ἐῶ
1464 1554 1635 1615 τᾶλλα,

127 1639 257 1691 ἀλλὰ
283 1642 380 1690 νυνὶ
406 1640 606 1705 τήμερον
636 1638 727 1704 ἐγὼ
752 1638 837 1702 μὲν
864 1637 977 1704 ὑπὲρ
1009 1643 1091 1688 τοῦ
1118 1640 1479 1706 στεφανωθῆναι
1505 1638 1633 1687 δοκι-

126 1724 340 1791 μάζομαι,
379 1722 433 1773 τὸ
479 1723 527 1774 δὲ
567 1724 670 1786 μηδ’
718 1724 871 1773 ὁτιοῦν
915 1725 1087 1773 ἀδικεῖν
1131 1721 1511 1786 ἀνωμολόγημαι,
1558 1722 1637 1771 σοὶ

127 1808 174 1859 δὲ
200 1806 478 1875 συκοφάντῃ
503 1806 588 1870 μὲν
615 1806 728 1858 εἶναι
766 1809 916 1857 δοκεῖν
942 1805 1152 1873 ὑπάρχει,
1180 1805 1448 1858 κινδυνεύεις
1476 1804 1524 1855 δὲ
1550 1804 1689 1856 ε’ίτεῐό

129 1895 199 1942 δεῖ
228 1895 278 1941 σ’
304 1889 397 1940 1)ε”τι
435 1896 573 1941 τοῦτο
611 1896 770 1953 ποιεῖν,
798 1890 874 1941 εἴτ’
903 1890 991 1954 ἤδη
1029 1894 1301 1940 πεπαῦσθαι
1336 1888 1400 1953 μὴ
1435 1895 1640 1952 μεταλα-

128 1974 276 2036 βόντα
317 1973 396 2024 οτὸ
437 1974 576 2039 με’ρος
618 1979 712 2024 τῶν
748 1973 944 2042 ψήφων,
1004 1976 1160 2040 ἀγαθῇ
1201 1972 1298 2038 (ἦγ’,
1339 1973 1451 2039 θούχ
1489 1973 1601 2040 ὁρᾷς
1622 1995 1634 2034 3

130 2058 248 2125 τύχῃ
274 2056 632 2120 ίσυμβεβιωκῶς
658 2060 739 2121 τῆς
765 2060 876 2121 ἐμῆς
902 2060 990 2112 ἕὼς
1016 2057 1205 2125 φαύλης
1231 2061 1518 2123 κατηγορεῖς.

184 2181 215 2199 ¹1¹
237 2173 367 2221 σαυτῷ]
391 2175 497 2220 ἑαυτῷ
514 2186 541 2207 r.
664 2181 683 2199 Π
703 2174 890 2221 ἀδικοῦντι]
915 2175 1093 2209 ἀδικοῖντο
1112 2177 1148 2210 k.
1180 2176 1301 2209 ἀδικῶν
1319 2189 1374 2219 γρ.
1397 2188 1425 2209 S.
1542 2180 1559 2199 0
1581 2174 1639 2220 ὑφ’

131 2228 302 2273 ἁπάντων]
326 2228 390 2261 ὑπὸ
409 2228 544 2260 πάντων
563 2228 749 2273 A.k.p.r.s.
836 2235 854 2261 P
874 2229 1057 2274 ἐθάρρησε]
1082 2229 1254 2274 ἐθάρσησε
1273 2229 1420 2262 A.k.s.t.
1495 2233 1515 2261 q
1534 2241 1642 2273 παρα-

131 2279 263 2327 λείψω]
283 2280 482 2326 παραλείπω
494 2281 634 2315 A.k.r.s.
706 2287 720 2305 Γ
731 2279 771 2315 ἂν
786 2282 948 2327 δείξαιμι]
966 2282 1174 2326 ἇναδείξαιμι
1188 2282 1233 2321 Q.
1314 2287 1328 2306 S
1344 2281 1458 2327 κάμοὶ]
1477 2295 1588 2324 καιμοι
1606 2281 1640 2315 S.

133 2332 148 2358 t
166 2335 210 2377 μὴ
232 2334 267 2368 S.
297 2334 496 2379 Legebatur
511 2335 564 2367 καὶ
578 2333 633 2377 μή.
703 2340 718 2355 ¹¹
739 2333 884 2379 ποτέρου
900 2335 1011 2369 A.S.s.
1043 2335 1208 2380 ὁποτέρου
1223 2335 1340 2380 vulgo.
1411 2340 1427 2356 Χ
1449 2333 1640 2378 ἐδίδασκες]

133 2387 287 2420 ἐδίδασκε
307 2400 338 2420 v.
493 2392 512 2420 Y
541 2386 938 2432 ἐχόρευες-ἐχορὴγουν
967 2400 1036 2421 om.
1066 2388 1101 2422 S.
1133 2400 1213 2422 cum
1244 2388 1444 2421 Alexandro
1465 2387 1500 2420 in
1520 2387 1644 2420 Walzii

135 2440 241 2474 Rhet.
261 2441 331 2474 vol.
355 2438 389 2473 8.
409 2452 443 2484 p.
464 2447 556 2486 479.
579 2445 614 2473 et
633 2441 772 2474 Tiberio
792 2441 874 2474 ibid.
895 2453 929 2486 p.
953 2448 1041 2487 570.
1154 2448 1169 2466 Z
1193 2439 1416 2484 ἠκκλησίαζον
1436 2440 1560 2474 RES.
1591 2441 1642 2473 ἐκ-

135 2493 314 2536 κλησίαζον
333 2493 449 2538 vulgo,
466 2493 558 2540 quod
579 2493 724 2527 miratus
744 2499 797 2527 est
817 2494 1064 2539 grammaticus
1080 2506 1190 2539 marg.
1208 2494 1243 2528 k.
1275 2493 1336 2538 ὅρα
1355 2494 1394 2526 τὸ
1414 2493 1643 2535 ἐκκλησίαζον.

135 2542 226 2588 οἶμαι
245 2546 483 2590 ἐξεκλησίαζον
502 2547 567 2580 ἔδει
587 2547 796 2591 γράφεσθαι.
829 2547 932 2580 Conf.
953 2559 988 2592 p.
1004 2557 1093 2593 359,
1112 2556 1170 2593 27.
1189 2554 1276 2593 577,
1292 2557 1328 2591 4.
1377 2546 1504 2579 Literae
1524 2546 1645 2590 primae

136 2613 151 2631 ε
170 2611 190 2632 a
209 2611 256 2633 m.
279 2599 422 2644 antiqua
442 2611 610 2645 superscr.
632 2600 668 2632 in
691 2599 727 2634 S.
839 2605 857 2624 a
877 2600 1070 2645 ἐξέπιπτες]
1091 2601 1227 2634 ἕπιπτες
1245 2612 1280 2644 p.
1391 2597 1406 2619 Ὀ
1426 2600 1475 2632 ἔτι
1495 2604 1576 2632 aute
1596 2599 1647 2631 δεῖ

135 2651 219 2696 Y.p.
340 2657 356 2676 0
375 2653 414 2685 τὸ
433 2652 552 2698 μέρος]
578 2652 778 2698 Legebatur
796 2653 835 2685 τὸ
855 2654 1010 2696 πέμπτον
1028 2654 1141 2698 μέρος.
1191 2652 1311 2690 Quum
1331 2658 1497 2697 quattuor
1515 2651 1591 2684 aliis
1609 2651 1646 2684 in

135 2703 221 2738 locis
248 2704 352 2748 hujus
380 2706 548 2739 oratiom's
578 2706 626 2750 (p.
652 2704 738 2745 260,
762 2715 822 2739 20.
846 2704 933 2745 261,
959 2715 1017 2739 20.
1044 2716 1134 2750 302,
1161 2715 1218 2751 15.
1241 2715 1329 2750 310,
1357 2706 1431 2750 17.)
1463 2704 1647 2738 meliorum

136 2757 303 2791 librorum
322 2758 529 2792 auctoritate
549 2759 588 2791 τὸ
607 2759 708 2803 μέρος
730 2758 898 2803 scriptum
918 2758 962 2791 sit
981 2770 1045 2803 pro
1065 2758 1103 2791 τὸ
1122 2759 1277 2801 πέμπτον
1296 2759 1408 2801 μέρος,
1429 2757 1486 2791 hic
1506 2768 1646 2802 quoque

137 2821 208 2843 non
237 2810 392 2844 dubitavi
418 2823 605 2845 numerum
634 2811 760 2845 delere.
810 2811 851 2844 In
882 2811 1005 2844 ceteris
1030 2823 1112 2845 vero
1132 2810 1348 2844 orationibus
1377 2816 1579 2844 constanter
1606 2810 1646 2843 τὸ

137 2863 292 2906 πέμπτον
309 2862 410 2909 μέρος
428 2867 495 2898 τῶν
514 2863 646 2909 ψήφων
675 2864 858 2897 scribitur:
889 2864 966 2897 vide
994 2876 1028 2908 p.
1053 2870 1141 2911 529.
1165 2864 1215 2906 (in
1240 2863 1328 2908 legis
1356 2862 1533 2907 formula).
1555 2871 1646 2910 593.

141 2912 229 2960 647.
253 2922 341 2961 702.
367 2924 453 2964 795.
476 2916 564 2961 803.
592 2927 702 2961 1301.
730 2927 842 2962 1323.
944 2914 963 2940 d
982 2916 1040 2962 γε]
1066 2917 1101 2950 δὲ
1122 2916 1443 2955 F.Y.Q.O.r.t.u.v.
1547 2921 1562 2940 e
1583 2916 1647 2960 οὐχ

140 2967 234 3012 ὁρᾷς]
257 2969 317 3002 οὐκ
336 2969 436 3005 αὐτὸς
456 2975 630 3005 correctus
650 2982 678 3005 r.
763 2967 778 2994 f
796 2969 1056 3015 συμβεβιωκὼς]
1081 2970 1306 3014 συμβεβηκὼς
1326 2969 1362 3003 S.
1458 2974 1478 3002 g
1498 2969 1541 3004 ὡς
1560 2967 1648 3013 φαύ-

139 3021 201 3063 λης
221 3032 289 3056 0111.
312 3022 348 3057 S.

834 3086 862 3111 U
885 3087 911 3112 U
938 3085 959 3113 2
