1882 3250
674 152 813 190 PRAE
822 152 947 190 FAT
956 152 1018 192 10
1547 168 1604 193 xv

95 263 298 325 scriptus
325 271 396 308 est
422 280 648 308 numerus
673 280 912 317 versuum,
939 263 1242 308 consentiens
1267 264 1364 309 fere
1389 281 1499 310 cum
1527 282 1604 310 co-

93 337 211 383 dicis
236 338 455 384 Bavarici
482 338 925 400 subscriptionibus,
952 339 999 382 in
1025 338 1206 400 paucis,
1232 356 1349 400 quas
1380 339 1427 384 in
1457 339 1604 386 Com-

95 414 337 459 mentariis
358 414 647 469 notabimus,
668 413 901 459 differens.
939 414 1052 459 Post
1067 432 1112 476 p.
1129 430 1267 476 1430,
1286 429 1329 476 5.
1348 414 1423 461 ed.
1442 415 1603 461 Reisk.

93 489 375 534 exciderunt
393 489 505 534 folia
523 488 631 534 duo.
667 489 970 551 Blarginibus
989 490 1128 535 variae
1148 490 1376 536 lectiones
1398 499 1508 536 sunt
1527 490 1606 536 ad-

95 565 281 628 scriptae
307 583 333 610 a
357 573 581 627 quattuor
607 564 899 610 diversorum
926 573 1198 628 temporum
1229 566 1465 619 manibus,
1492 583 1607 627 qua-

93 657 197 685 rum
227 640 581 684 memorabilior
601 640 766 684 ceteris
794 648 864 685 est
891 640 1112 696 secunda,
1130 658 1235 702 quae
1259 649 1422 686 tamen
1444 640 1607 687 deficit

94 712 142 758 in
168 713 380 758 oratione
406 711 463 757 de
491 730 665 757 corona
691 722 737 758 et
760 730 865 774 quae
893 713 1154 758 secundum
1184 713 1360 759 codicis
1386 713 1604 759 ordinem

92 787 324 849 proximae
361 795 471 832 sunt
504 804 654 848 usquc
691 787 749 833 ad
780 788 1150 845 Timocrateam,
1185 806 1343 834 rursus
1375 805 1487 834 vero
1524 806 1605 851 ap-

92 870 227 925 paret
252 863 301 907 in
328 863 651 924 sequentibUS,
678 871 725 908 et
751 863 801 908 in
834 863 936 908 aliis
966 863 1159 925 quidem
1193 864 1357 919 rarius,
1382 863 1605 925 frequen-

93 938 187 983 tius
220 938 269 982 in
299 938 416 984 aliis.
485 939 667 984 Verum
695 938 753 984 de
778 939 867 994 his,
894 948 947 985 ut
971 940 1029 985 de
1056 940 1401 986 correctoribus
1429 939 1605 985 codicis

94 1013 291 1058 Parisini
321 1014 368 1069 S,
394 1014 443 1059 in
470 1014 844 1061 Commentariis
870 1016 1044 1078 passim
1075 1015 1163 1061 erit
1187 1015 1461 1061 dicendum.

161 1089 221 1134 O.
255 1105 335 1150 43.
375 1090 612 1135 societatis
650 1090 766 1135 Jesu
802 1091 1094 1154 Antverpiae,
1133 1091 1411 1137 chartaceus
1454 1091 1607 1137 forma

95 1164 319 1218 maxima,
356 1165 544 1228 paginis
580 1179 689 1227 539.
761 1167 934 1211 Insunt
965 1166 1128 1211 omnia
1163 1166 1328 1211 eadem
1370 1167 1606 1229 (exceptis

95 1241 387 1303 argumentis
424 1241 692 1286 orationum
729 1251 838 1304 post
872 1242 1038 1287 falsam
1078 1242 1387 1304 legationem)
1414 1259 1519 1303 quae
1556 1242 1606 1287 in

92 1318 150 1372 Y,
183 1334 391 1378 quocum
430 1317 645 1363 ordinem
685 1335 876 1379 quoque
909 1318 1193 1371 orationum,
1231 1317 1434 1363 duorum
1472 1317 1608 1363 folio-

92 1409 195 1437 rum
229 1393 448 1438 lacunam
487 1395 616 1456 (post
650 1412 696 1456 p.
731 1409 869 1455 1430,
897 1398 977 1454 5.),
1008 1401 1055 1438 et
1091 1393 1320 1438 lectiones
1355 1398 1606 1456 plerasque

92 1485 259 1513 omnes
286 1486 566 1515 comumnes
595 1469 754 1515 habet.

158 1545 210 1590 P.
247 1545 550 1591 Florentinus
600 1546 904 1591 bibliothccae
953 1544 1284 1590 Laurentianae
1330 1545 1480 1608 plutei
1530 1559 1606 1608 59.

94 1619 244 1665 codex
285 1639 327 1683 9.
362 1623 755 1667 membranaceus
795 1621 947 1666 fornia
983 1620 1212 1682 quadrata
1251 1622 1445 1683 majore,
1482 1622 1606 1668 foliis

99 1699 220 1752 182.,
248 1702 406 1743 seculo
432 1698 635 1761 scriptus
663 1697 919 1744 undecimo
946 1706 993 1742 et
1019 1714 1162 1742 manu
1188 1696 1354 1742 eadem
1382 1715 1475 1759 qua
1499 1698 1608 1743 Ari-

94 1773 351 1836 stophanes
388 1775 654 1821 Ravennas.
726 1775 899 1820 Insunt
939 1773 1175 1818 orationes
1211 1784 1336 1828 octo,
1375 1774 1449 1819 De
1491 1774 1608 1819 falsa

95 1848 331 1911 legatione
356 1850 513 1911 (cujus
550 1850 662 1895 folia
694 1852 763 1896 18.
793 1850 949 1912 prima
984 1867 1153 1894 manus
1193 1849 1339 1895 seculi
1372 1850 1491 1895 sexti
1529 1849 1608 1895 de-

94 1924 205 1970 cimi
255 1926 527 1988 supplevit),
565 1926 813 1979 Funebria
864 1926 1110 1988 chtinea,
1148 1925 1383 1981 Midiana,
1425 1926 1609 1971 Aristo-

93 2008 264 2056 cratea,
297 2001 640 2056 Androtionea,
673 2001 988 2055 Timocratca,
1027 2011 1192 2047 contra
1227 2002 1605 2065 Aristogitonem

93 2075 248 2137 prior:
286 2093 488 2138 quarum
517 2093 659 2121 unam
689 2076 892 2121 contulit
916 2076 1167 2121 Bekkcrus
1195 2077 1480 2123 Midianam.
1530 2079 1610 2123 In-

93 2152 286 2197 fuerunt
315 2152 549 2199 orationes
588 2151 824 2197 sedecim:
863 2169 973 2196 nam
1002 2169 1108 2213 quae
1138 2169 1266 2198 nunc
1304 2152 1514 2198 secunda
1538 2162 1609 2198 est

94 2237 372 2273 numeratur
396 2227 596 2274 decima.

159 2305 219 2360 Q.
255 2304 471 2349 Venetus
509 2303 813 2349 bibliothccae
850 2303 1110 2348 Marcianae
1149 2304 1261 2361 418.
1304 2305 1607 2348 membrana-

92 2397 203 2425 ceus
229 2380 374 2425 seculi
402 2379 662 2436 undecimi,
687 2379 838 2424 forma
864 2378 1093 2440 quadrata
1119 2378 1243 2423 foliis
1270 2380 1380 2440 338.
1435 2379 1609 2424 Insunt

92 2456 326 2501 orationes
362 2456 467 2501 duae
500 2465 547 2501 ct
582 2456 779 2518 triginta
816 2455 907 2500 hoc
942 2454 1122 2509 ordine,
1159 2456 1228 2500 18.
1273 2470 1344 2516 19.
1382 2457 1608 2516 32.-61.

91 2532 264 2593 quibus
290 2531 525 2577 accedunt
549 2532 790 2577 Prooemia
815 2541 861 2577 et
886 2532 1129 2595 Epistolae.

155 2616 188 2652 t.
225 2608 499 2653 Parisiensis
537 2609 693 2671 regius
720 2623 862 2670 2994.
890 2609 1284 2653 membranaceus
1320 2608 1466 2653 seculi
1491 2607 1611 2653 duo-

90 2682 282 2738 decimi,
309 2683 462 2728 forma
494 2683 736 2745 quadrata.
807 2685 980 2729 Insunt
1014 2683 1251 2729 orationes
1278 2683 1607 2746 Olynthiacae,

91 2757 392 2821 Philippicae,
429 2757 486 2803 de
529 2757 708 2803 foedere
744 2756 1023 2813 Alexandri,
1061 2756 1119 2801 de
1161 2774 1351 2811 corona,
1393 2756 1451 2802 de
1489 2757 1608 2803 falsa

92 2833 345 2896 legatione,
372 2833 620 2896 Leptinea,
650 2833 884 2887 Midiana,
910 2832 1239 2879 Androtionea
1276 2842 1323 2879 et
1359 2833 1606 2896 Epistolae.
