1882 3250
219 174 304 215 216
768 175 1195 213 ΔΗΜΟΣΘΕΝΟΎΣ
1357 172 1438 210 On.
1458 170 1587 209 XVI.
1609 185 1650 225 p.
1667 182 1762 224 203,
1780 129 1882 253 ⁵—R

217 291 338 338 πιῶν
376 287 451 336 καὶ
492 289 750 336 Πλαταιῶν
785 288 1083 335 οἰκισθεισῶν
1118 285 1327 334 ἀσθενεῖς
1362 281 1596 345 γενέσθαι,
1627 285 1760 333 Aac-⁵

217 369 532 432 κεδαιμονίους
559 369 613 428 δ’,
642 371 678 417 εἰ
714 366 994 429 ποιήσονται
1022 364 1139 428 Πτὴν
1165 364 1420 429 Ἀρκαδίαν
1453 364 1530 430 ὑφ’
1559 364 1736 416 ἑαυτοῖς

217 454 293 502 καὶ
330 450 567 515 Μεγάλην
602 449 745 500 πόλιν
772 447 1127 513 οάναιρήσουσι,
1154 446 1300 497 πάλιν
1336 444 1558 511 ἰσχυροὺς
1593 443 1734 508 γενή-

179 538 409 583 6σεσθαι.
477 531 708 581 σκεπτέον
747 531 902 579 τοίνυν
939 528 1004 591 μὴ
1043 528 1272 593 πρότερον
1310 527 1480 576 τούσδε
1516 526 1737 589 γενέσθαι

216 614 451 682 φοβεροὺς
487 616 561 663 καὶ
596 612 834 676 μεγάλους
869 611 1083 672 ἐάσωμεν
1109 608 1170 672 Ρῆ
1197 610 1349 658 ’κεῖνοι
1375 616 1394 642 q
1405 610 1559 672 μικροὶ
1592 606 1732 672 γενή-

215 719 395 756 σονται,
417 698 493 746 καὶ
513 695 753 745 ΙΓλάθωσιν
774 694 892 756 ἡμᾶς
912 693 1094 743 πλείονι
1117 692 1295 760 μείζους
1315 694 1356 740 οἱ
1381 689 1735 752 Λακεδαιμόνιοι
1749 709 1786 730 ¹0

214 778 466 844 γενόμενοι,
494 777 522 841 ἢ
551 778 652 846 ὅσῳ
678 777 785 829 τοὺς
813 776 1054 838 Θηβαίους
1088 773 1310 827 ἐλάττους
1345 773 1576 840 συμφερει
1602 773 1730 837 γενέ-

213 867 342 913 σθαι.
402 863 455 912 οὐ
494 861 586 926 γὰρ
625 860 768 911 ἐκεῖνό
807 861 848 925 γ’
883 858 940 909 ἀν
978 858 1198 920 εἴποιμεν,
1237 860 1297 909 ὡς
1337 856 1736 923 ἀνταλλάξασθαι

212 945 484 1007 βουλοίμεθ’
539 942 826 995 ἀντιπάλους
885 941 1277 1002 Λακεδαιμονίους
1335 940 1436 988 ἀντὶ
1493 939 1735 1001 Θηβαίων,

213 1026 317 1077 οὐδὲ
353 1027 477 1077 τοῦτ’
506 1026 607 1076 ἔσθ’
638 1025 662 1075 ὃ
695 1024 1035 1089 σπουδάζομεν,
1063 1022 1174 1071 ἀλλ’
1204 1022 1328 1074 ὅπως
1363 1021 1604 1086 μηδέτεροι
1630 1024 1783 1075 Ξδυ-ιε

212 1109 437 1173 νήσονται
476 1108 620 1172 μηδὲν
657 1109 779 1172 ἡμᾶς
817 1109 1000 1158 ἀδικεῖν·
1047 1108 1167 1155 οὕτω
1203 1104 1297 1170 γὰρ
1331 1102 1418 1154 t0'212
1456 1104 1581 1166 ἡμεῖς
1617 1103 1736 1166 μετὰ

212 1193 447 1255 πλείστης
473 1193 628 1244 ἀδειάς
655 1191 825 1254 εἰἠμεν.

179 1292 200 1334 7
286 1275 448 1326 Ἀλλὰ
489 1274 544 1337 νὴ
583 1275 679 1324 Δία
716 1279 863 1324 ταῦτα
903 1271 989 1335 μὲν
1025 1273 1176 1322 “οὖτω
1214 1275 1306 1321 δεῖν
1344 1271 1464 1336 ἔχειν
1503 1269 1736 1338 φήσομεν,

213 1358 362 1408 δεινὸν
393 1359 429 1408 δ’
460 1362 509 1420 εἰ,
537 1356 656 1421 πρὸς
690 1356 769 1409 οὓς
802 1355 1187 1421 παρεταττόμεθα
1217 1356 1265 1404 ἐν
1294 1354 1595 1420 ΧΜαντινείᾳ,
1621 1353 1729 1403 τού-

211 1464 319 1494 τους
364 1439 644 1506 συμμάχους
692 1437 1000 1504 αἱρησόμεθα·
1057 1435 1154 1487 εἶτα
1203 1436 1507 1500 βοηθήσομεν
1554 1436 1734 1488 τούτοις

211 1525 396 1574 ἐναντία
447 1530 464 1557 5
481 1524 677 1584 ἐκείνων,
728 1523 829 1584 μεθ’
877 1519 942 1571 ῶν
991 1520 1085 1571 τότ’
1134 1519 1491 1581 ἐκινδυνεύομεν.
1561 1521 1785 1580 Ζκάμοὶω

212 1612 359 1656 ταῦτα
386 1610 521 1667 δοκεῖ,
548 1608 863 1670 προσδεῖσθαι
891 1605 928 1654 δ’
958 1604 1023 1654 ε”τι
1057 1609 1139 1654 τοῦ
1174 1603 1233 1654 τὰ
1265 1604 1417 1653 δίκαια
1451 1607 1597 1652 ποιεῖν
1629 1604 1730 1652 ἐθε-

1523 1683 1735 1749 ὒεἱρήνην

212 1771 412 1824 ἅπαντες
453 1770 596 1835 ἄγειν,
632 1770 684 1819 οὐ
719 1767 1024 1832 βοηθήσομεν
1056 1773 1151 1821 τοῖς
1180 1767 1615 1832 Μεγαλοπολίταις·
1656 1769 1731 1817 οὐ-

175 1687 396 1744 8λόντων
423 1693 546 1737 ἱίιτῶν
573 1687 756 1752 ἑτέρων.
813 1690 850 1736 εὶ
886 1685 970 1748 μὲν
996 1687 1152 1736 τοίνυν
1185 1685 1498 1748 ἐθελήσουσιν

212 1853 288 1903 δὲν
322 1851 414 1917 γὰρ
451 1851 620 1915 δεήσει·
661 1848 776 1899 ὥστ’
804 1851 896 1899 οὐδ’
927 1851 1081 1900 ὁτιοῦν
1117 1851 1390 1901 ὑπεναντίον
1426 1850 1558 1912 εἡμῖν
1597 1849 1731 1900 ε”σται

210 1935 329 2001 πρὸς
373 1934 480 1987 τοὺς
526 1932 1092 2001 ἀσυμπαραταξαμένους,
1133 1933 1378 2000 σύμμαχοι
1423 1935 1464 1982 δ’
1503 1933 1612 1996 ἡμῖν
1655 1935 1780 1988 e0225

210 2018 294 2082 μὲν
320 2017 626 2084 ὑπάρχουσιν,
648 2017 706 2070 ὥς
733 2023 899 2085 φασιν,
920 2020 961 2066 οἱ
988 2016 1034 2067 δὲ
1051 2016 1472 2082 προσγενήσονται
1499 2017 1614 2066 νυνί.
1656 2018 1731 2066 καὶ

174 2103 260 2168 9τί
300 2099 356 2151 ἂν
397 2101 523 2151 ἄλλο
570 2102 895 2164 βουλοίμεθας
946 2100 1025 2150 ἐὰν
1068 2101 1106 2150 δ’
1146 2103 1343 2150 ἀδικῶσι
1389 2101 1463 2150 καὶ
1509 2104 1732 2162 πολεμεῖν

210 2186 396 2236 οἴωνται
422 2189 528 2246 δεῖν,
556 2189 592 2236 εὶ
625 2185 708 2248 μὲν
736 2185 849 2250 ὑπὲρ
875 2184 1041 2235 τούτου
1069 2183 1230 2247 Γμόνου
1255 2183 1549 2246 βουλευτέον,
1577 2187 1614 2233 εἷ
1639 2182 1730 2250 χρὴ

213 2267 450 2333 Μεγάλην
482 2266 626 2318 πόλιν
662 2269 782 2331 ἡμᾶς
816 2267 1047 2333 προέσθαι
1081 2267 1462 2330 Λακεδαιμονίοις
1491 2265 1520 2330 ἦ
1546 2265 1624 2329 μὴ,
1653 2266 1724 2316 δι’·
1744 2286 1825 2325 204

211 2375 341 2402 καιον
377 2350 464 2415 μὲν
501 2351 568 2413 οὒ,
603 2356 841 2418 συγχωρῶ
880 2352 917 2401 δ’
954 2351 1091 2416 ἔγωγ’
1121 2352 1257 2400 ἐᾶσαι
1296 2353 1372 2400 καὶ
1411 2349 1554 2413 μηδὲν
1591 2351 1723 2398 ἐναν-

266 2500 286 2518 ¹¹
306 2494 366 2537 τὴν
386 2493 503 2527 addidi
523 2505 565 2527 ex
587 2493 667 2526 AS.
766 2497 784 2516 0
804 2491 1029 2536 ἀναιρήσουσι
1049 2492 1132 2526 AS.
1173 2492 1374 2538 Legebatur
1394 2492 1585 2537 αἱρήσουσι.
1671 2496 1690 2524 Ρ
1710 2490 1728 2534 ἢ

210 2547 340 2593 ’κεῖνοι]
365 2545 486 2590 ἠκεῖνοι
507 2546 543 2580 S.
587 2546 810 2580 scribebatur
830 2544 847 2587 ἢ
869 2546 998 2579 ἐκεῖνοι.
1107 2551 1124 2578 q
1145 2545 1273 2591 μικροὶ]
1296 2560 1407 2590 μικροι
1428 2560 1463 2579 τε
1487 2546 1521 2579 S.
1630 2549 1645 2568 Γ
1663 2545 1726 2577 λά·

210 2598 522 2643 θωσιν-πλείονι]
545 2598 887 2633 λάθουσιν-πλέονι
905 2600 949 2632 Α.
1080 2603 1095 2622 S
1115 2598 1337 2644 δυνήσονται]
1363 2598 1572 2641 δυνήσωνται
1590 2597 1726 2632 A.Y.O.

211 2654 226 2679 t
244 2652 284 2688 ἂν
303 2659 383 2698 post
401 2651 514 2687 ἀδείας
533 2652 623 2686 Y.O.
736 2657 756 2675 Π
777 2650 881 2697 οὕτω]
906 2649 1010 2686 οὕτως
1033 2652 1068 2685 S.
1192 2657 1212 2676 Χ
1234 2650 1433 2697 Μαντινείᾳ]
1456 2652 1613 2695 μαντινέα
1633 2650 1726 2684 Y.O.

211 2713 230 2740 y
250 2706 398 2752 ἐκείνων]
424 2704 557 2740 ἐκείνοις
579 2704 791 2739 F.S.Y.O.V.
915 2710 932 2728 2
954 2704 1068 2750 κάμοὶ]
1094 2705 1148 2738 καί
1165 2719 1222 2747 μοι
1243 2705 1360 2739 F.S.v.
1474 2710 1492 2729 θ’
1511 2707 1577 2738 τῶν
1595 2715 1665 2737 om.
1691 2703 1726 2737 S.

210 2757 230 2785 b
250 2759 382 2805 εἰρήνην
400 2758 544 2794 ἅπαντες
565 2759 601 2794 S.
642 2758 773 2803 εἰρήνην
791 2758 914 2792 πάντες
933 2759 977 2792 Α.
1016 2759 1141 2793 πάντες
1161 2757 1292 2803 εἰρήνην
1310 2758 1428 2803 vulgo.
1591 2762 1607 2782 ⁰
1630 2755 1724 2801 ἡμῖν]

1085 2807 1152 2838 ἀντι

212 2839 288 2882 ὑμῖν
306 2837 523 2872 A.F.Y.O.V.
635 2834 653 2862 d
675 2836 1060 2883 συμπαραταξαμένους]
1084 2837 1452 2881 συμπαραταξαμένους
1474 2835 1511 2868 F.
1543 2834 1725 2879 ἀντιπαρα-

211 2893 417 2935 ταξαμένους
437 2891 474 2926 S.
505 2891 778 2935 συνταξαμένους
797 2903 830 2924 v.
962 2895 978 2914 θ
997 2891 1029 2923 οἱ
1047 2891 1108 2934 μὲν
1128 2902 1198 2924 om.
1220 2890 1263 2924 A.
1375 2885 1390 2913 f
1405 2890 1511 2932 μόνον
1529 2889 1571 2922 A.
1613 2887 1724 2934 Lege-

211 2944 314 2978 batur
333 2946 445 2988 μόνον.
