1882 3250
29 204 97 246 97,
117 210 146 238 7.
460 198 585 235 ΠΕΡΙ
617 198 732 234 ΤΩΝ
765 199 837 234 EN
869 198 1236 237 ΧΕΡΡΟΝΗΣΩΙ.
1524 200 1607 239 103

94 306 307 357 διδόασιν
345 311 387 357 οὶ
428 307 628 360 διδόντες
670 308 773 358 οὔτε
813 307 872 357 τὰ
911 306 1053 373 μικρὰ
1085 309 1188 358 οὔτε
1219 307 1282 377 Ἴτοὶ
1307 308 1471 358 πολλὰ
1509 311 1605 359 ἀντ’

92 390 275 443 οὐδενὸς
306 391 382 460 (οὐ
407 389 500 456 γὰρ
526 392 646 440 οὕτω
672 391 951 456 μαίνονται),
979 391 1090 439 ἀλλ’
1117 388 1365 451 ὠνούμενοι
1390 397 1411 424 g
1416 390 1480 452 μὴ
1508 393 1606 440 ἀδι-

1383 471 1473 535 ῘΙμὴ
1509 496 1600 523 συ-

91 562 284 619 λᾶσθαι,
335 556 749 623 ἰπαραπέμπεσθαι
794 557 853 607 τὰ
895 562 1041 607 πλοῖα
1085 556 1144 606 τὰ
1188 558 1354 618 αὑτῶν,
1400 556 1458 606 τὰ
1502 580 1598 607 τοι·
1622 581 1658 601 ιο

92 477 275 524 κεῖσθαι
314 473 419 526 τοὺς
454 483 564 538 παρ’
596 475 748 523 αὐτῶν
789 472 1069 525 ἐκπλέοντας
1105 472 1348 537 ἐμπόρους,

91 647 222 691 αῦτα·
264 643 387 708 φασὶ
430 643 468 690 δ’
509 639 705 693 Ᾰεύνοίας
749 639 936 702 διδόναι,
980 642 1054 690 καὶ
1099 645 1237 690 τοῦτο
1280 641 1464 701 τοῦνομ’
1513 640 1604 706 ἔχει

27 733 79 772 26
92 723 152 774 τὰ
177 723 402 787 λήμματα
439 730 603 774 ταῦτα.
647 726 721 774 καὶ
756 723 840 785 ιςδὴ
868 725 942 773 καὶ
978 728 1059 773 νῦν
1091 727 1157 790 τῷ
1184 724 1420 773 Διοπείθει
1448 722 1598 786 στροῖ-

91 810 213 870 τευμ’
234 808 385 874 ἔχοντι
406 811 578 875 σαφῶς
603 809 705 857 ἐστὶ
730 813 867 857 τοῦτο
891 809 1035 869 δῆλον
1056 806 1125 856 ὅτι
1147 806 1360 856 δώσουσι
1385 806 1604 872 χρήματα

90 890 260 943 πάντες
282 891 424 940 οὗτοι·
453 890 598 941 πόθεν
614 890 706 956 γὰρ
729 890 882 940 οἴεσθε
902 889 1109 939 ἄλλοθεν
1127 889 1210 939 τὸν
1229 889 1344 952 μήτε
1371 887 1604 948 1λαβόντα

89 976 198 1040 παρ’
229 976 357 1036 ὑμῶν
380 973 524 1038 μηδὲν
553 974 657 1037 μήτ’
687 973 827 1023 αὐτὸν
854 973 1021 1039 ἔχοντα
1060 971 1230 1023 ὁπόθεν
1264 971 1603 1035 μισθοδοτήσει
1619 994 1654 1023 15

91 1058 383 1124 στρατιώτας
403 1058 588 1125 τρέφειν
607 1085 616 1116 3
657 1060 706 1107 ἐκ
725 1062 807 1107 τοῦ
827 1057 1022 1121 οὐρανοῦ
1043 1077 1054 1115 ;
1095 1057 1177 1105 οὐκ
1193 1054 1295 1105 ε”στι
1317 1061 1477 1115 ταῦτα,
1490 1056 1600 1104 ἀλλ’

90 1144 170 1209 ἀφ’
200 1139 263 1191 ὧν
298 1141 468 1206 ἀγείρει
508 1143 583 1190 καὶ
617 1144 869 1205 προσαιτεῖ
902 1142 977 1188 καὶ
1013 1139 1272 1203 δανείζεται,
1301 1137 1393 1188 ἀπὸ
1426 1139 1605 1188 τούτων

27 1243 75 1284 27
92 1224 253 1289 διάγει.
296 1223 428 1274 οὐδὲν
450 1224 530 1274 οὖν
550 1223 677 1273 ἄλλο
697 1227 914 1273 ποιοῦσιν
935 1225 975 1271 οἱ
996 1227 1360 1286 κατηγοροῦντες
1380 1224 1427 1271 ἐν
1449 1223 1554 1284 ὑμῖν
1574 1221 1602 1285 ἢ

89 1306 408 1373 προλέγουσιν
433 1305 584 1356 ἅπασι
610 1309 716 1369 μηδ’
744 1306 896 1355 ὁτιοῦν
923 1305 1078 1373 ἐκείνῳ
1105 1303 1293 1367 διδόναι,
1323 1308 1385 1358 ὡς
1419 1307 1494 1356 καὶ
1521 1311 1603 1356 τοῦ
1616 1325 1656 1347 20

89 1393 332 1454 μελλῆσαι
358 1390 560 1440 δώσοντι
600 1390 744 1451 δίκην,
771 1387 835 1452 μή
862 1410 906 1438 τι
938 1387 1195 1451 ποιήσαντί
1225 1410 1279 1452 γε
1316 1387 1344 1451 ἢ
1377 1395 1598 1453 ΙΠσυγκα-

89 1473 447 1542 ταπραξαμένῳ.
488 1477 607 1523 τοῦτ’
651 1474 770 1522 εἱσῖν
806 1475 883 1521 ⁰02
920 1471 1074 1536 λόγοι·
1119 1471 1284 1534 με’λλει
1323 1478 1603 1537 πολιορκεῖν,

89 1554 461 1617 τοῦς“Ἐλληνας
492 1556 720 1605 ἐκδίδωσι·
761 1555 919 1615 0μέλει
944 1553 1038 1619 γάρ
1068 1576 1156 1603 τινι
1190 1552 1368 1603 τούτων
1399 1557 1493 1603 τῶν
1518 1552 1604 1617 τὴν

11 1634 15 1663 1

11 1675 15 1701 ἱ

87 1639 263 1688 Ἀσίαν
303 1638 551 1689 οἰκούντων
591 1637 859 1700 (Ελλήνων,
908 1638 1121 1699 ἀμείνους
1164 1635 1337 1700 μέντᾶν
1379 1635 1466 1686 εἶεν
1508 1641 1603 1687 τῶν

26 1730 77 1775 28
90 1722 255 1773 ἄλλων
282 1721 309 1786 ἢ
335 1725 418 1785 τῆς
455 1723 677 1786 πατρίδος
716 1721 957 1784 κήδεσθαι.
1001 1723 1075 1771 καὶ
1112 1719 1165 1770 τό
1192 1724 1232 1785 γ’
1262 1724 1323 1773 εἷς
1362 1720 1444 1775 Ιτὸν
1477 1722 1595 1771 εΕλ-
1616 1743 1652 1772 25

13 1787 17 1930 i
88 1804 363 1868 λήσποντον
401 1805 675 1865 Ρέκπέμπειν
714 1805 867 1869 ἕτερον
908 1804 1181 1870 στρατηγὸν
1218 1806 1340 1854 τοῦτ’
1375 1806 1519 1855 ἐστίν.
1564 1810 1601 1856 εὶ

87 1888 181 1955 γὰρ
226 1888 350 1939 δεινὰ
387 1893 512 1939 ποιεῖ
543 1889 796 1951 Διοπείθης
834 1891 908 1937 καὶ
953 1887 1174 1952 (ἰκατοὶγει
1223 1887 1282 1937 τὰ
1326 1893 1484 1949 πλοῖα,
1526 1911 1600 1949 μι-

13 1935 18 2035 1
88 1971 212 2038 κρὸν,
250 1970 286 2021 ὦ
321 1971 483 2037 ἄνδρες
516 1972 771 2034 Ἀθηναῖοι,
811 1969 976 2036 μικρὸν
1010 1969 1224 2021 πινάκιον
1262 1976 1411 2020 ταῦτα
1445 1969 1601 2020 πάντα

14 2039 18 2133 ἶ
89 2061 301 2106 κωλῦσαι
344 2054 512 2105 δύναιτ’
554 2053 624 2113 ἂν,
661 2056 735 2104 καὶ
777 2053 1002 2118 λέγουσιν
1039 2057 1080 2103 οἱ
1123 2052 1255 2116 νόμοι
1293 2059 1454 2115 ταῦτα,
1494 2052 1600 2106 τοὺς
1614 2071 1665 2113 97

15 2142 18 2160 '
89 2140 360 2192 ἀδικοῦντας
394 2137 738 2203 εἰσαγγέλλειν,
779 2138 831 2187 οὐ
866 2136 933 2199 μὰ
972 2137 1067 2186 Δία
1102 2135 1350 2190 Γδαποῖναις
1393 2138 1466 2186 καὶ
1504 2159 1602 2202 τρι-

89 2221 224 2287 ήρεσι
260 2222 513 2274 τοσαύταις
552 2222 692 2284 8ἡμᾶς
734 2219 900 2273 αὐτοὺς
941 2219 1212 2287 φυλάττειν,
1250 2221 1346 2270 ἐπεὶ
1382 2218 1520 2269 τοῦτό
1555 2222 1599 2285 γ’

27 2323 78 2365 29
91 2307 218 2356 ἐστὶν
259 2304 502 2371 ὑπερβολὴ
535 2305 715 2367 μανίας·
756 2304 865 2353 ἀλλ’
902 2305 975 2353 ἐπὶ
1005 2301 1090 2364 μὲν
1129 2302 1237 2356 τοὺς
1275 2302 1482 2369 ἐχθροὺς,
1522 2302 1601 2356 οὓς

89 2389 170 2438 οὐκ
209 2388 311 2438 ἔστι
353 2393 519 2448 λαβεῖν
565 2388 654 2438 ὑπὸ
691 2392 786 2440 τοῖς
824 2386 992 2449 νόμοις,
1035 2387 1110 2435 καὶ
1151 2387 1446 2451 στρατιώτας
1496 2387 1627 2452 τρε’-5

90 2475 193 2537 φειν
231 2473 305 2521 καὶ
348 2471 546 2537 τριήρεις
587 2470 835 2533 ἐκπέμπειν
879 2473 954 2519 καὶ
1000 2468 1219 2535 χρήματα
1260 2469 1493 2537 εἰσφέρειν
1534 2473 1605 2519 δεῖ

91 2558 164 2604 καὶ
202 2554 454 2619 ἀναγκαῖόν
488 2556 633 2616 ἐστιν,
665 2556 737 2604 ἐπὶ
774 2555 811 2602 δ’
847 2553 967 2615 ἡμᾶς
1000 2552 1164 2605 αὐτοὺς
1203 2550 1455 2618 ψήφισμα,
1494 2556 1593 2601 εἱσ-

143 2717 163 2744 g
181 2712 243 2757 μὴ]
267 2713 306 2745 τὸ
326 2712 370 2755 μὴ
392 2712 432 2745 Y.
544 2709 562 2735 h
582 2711 626 2755 μὴ
647 2710 747 2756 συλ.]
771 2711 854 2754 μηδὲ
874 2712 953 2744 συλ.
976 2709 1140 2744 F.O.u.V.
1264 2708 1270 2730 ἰ
1291 2708 1594 2754 παραπέμπεσθαι]

89 2765 371 2809 παραπέμπεσθαι
391 2765 427 2798 δέ
446 2776 514 2798 ree.
537 2763 580 2798 O.
723 2762 733 2798 j
755 2762 884 2798 εὐνοίας
903 2763 1034 2797 A.S.Y.
1066 2760 1176 2806 εὐνοίᾳ
1195 2762 1311 2807 vulgo.
1451 2759 1465 2780 λ’
1488 2762 1527 2804 δὴ
1548 2762 1601 2795 καὶ

0 2827 3 2846 f
21 2827 24 2845 Ι
90 2828 158 2850 om.
179 2817 220 2851 Y.
347 2814 357 2841 Ῑ
377 2817 545 2862 λαβόντα]
570 2816 788 2860 λαμβάνοντα
808 2828 840 2849 V.
863 2821 898 2849 et
918 2828 970 2860 pr.
993 2815 1034 2848 Y.
1172 2820 1203 2838 m
1224 2813 1594 2860 συγκαταπραξαμένῳ]

91 2870 372 2916 καταπραξαμένῳ
393 2870 476 2905 S.Y.
572 2875 592 2893 Π
612 2870 643 2902 οἱ
663 2881 734 2904 om.
758 2868 838 2902 O.u.
942 2874 959 2892 0
979 2866 1091 2912 μέλει]
1113 2868 1232 2910 μελλει
1255 2868 1289 2900 S.
1310 2866 1417 2912 priori
1436 2868 1457 2900 λ
1477 2873 1597 2912 punct.

91 2927 223 2956 notato.
333 2931 352 2960 Ι)
371 2921 568 2967 ἐκπέμπειν]
593 2922 792 2963 εἰσπέμπειν
815 2921 850 2955 S.
951 2928 969 2955 (1
991 2919 1143 2965 κατάγει]
1166 2920 1301 2965 μετάγει
1318 2921 1358 2953 Α.
1460 2927 1472 2945 Γ
1493 2920 1598 2953 δαπά-

91 2974 176 3019 ναις]
201 2975 239 3008 οὗ
260 2976 420 3010 δαπάναις
440 2974 604 3009 F.O.u.v.
715 2981 728 2999 S
750 2973 852 3019 ἡμᾶς]
876 2973 961 3018 ὖμίἶς
981 2973 1019 3006 F.
