1903 3271
216 827 271 867 52
286 804 360 851 καὶ
388 803 513 864 ὑμεῖς
539 804 746 867 ἐγελᾶτε.

216 1479 271 1520 53

286 189 370 231 372
823 195 1251 233 ΔΗΜΟΣΘΕΝΟΎΣ
1388 193 1467 232 OR.
1488 191 1627 231 XIX.
1654 204 1696 245 p.
1714 201 1766 244 35
1771 162 1893 250 5,20

216 326 264 367 51
285 301 465 357 τούτοις
500 305 747 370 ὀργιεῖσθε·
787 305 880 370 ἐγὼ
915 307 952 354 δ’
981 306 1266 374 ἀφίσταμαι.
1320 306 1385 368 μὴ
1420 309 1516 367 νῦν,
1541 301 1800 364 ὑπολαβὼν
1813 327 1855 348 20

285 393 303 411 Ζ
324 386 414 452 ἔφη
444 388 676 453 Αἰσχίνης
702 389 878 449 οὑτοσὶ,
904 387 969 451 μὴ
997 393 1080 437 νῦν
1105 388 1367 455 ἀφίστασο,
1394 388 1503 438 ἀλλ’
1533 387 1659 440 ὅπως
1696 385 1800 436 τότε

285 467 350 532 μὴ
387 469 744 535 ἓιπροσποιήσει.
786 470 841 534 νὴ
881 472 989 532 Δία,
1033 469 1088 534 ῧῆ
1131 469 1342 534 ἀδικήσω
1386 475 1448 536 γ’,
1487 471 1620 538 ἔφην.
1665 471 1802 519 σέπα-

287 553 465 606 ναστάς
507 556 542 604 δ’
586 555 610 602 ὁ
648 553 945 619 Φιλοκράτης
986 553 1119 618 μάλα
1157 555 1439 619 ὑβριστικῶς
1480 553 1651 616 ᾱοὺδὲν,
1695 554 1800 621 ἔφη,
1891 617 1894 626 ι

287 635 576 699 θαυμαστὸν,
605 633 641 685 ὦ
676 636 839 701 ἄνδρες
875 640 1130 700 Ἀθηναῖοι,
1158 644 1173 662 '³
1183 635 1247 700 μὴ
1281 636 1428 686 ταύτὰ
1456 638 1555 700 ἐμοὶ
1590 638 1665 686 καὶ
1693 642 1794 700 Δη-
1815 654 1853 686 25
1883 660 1889 695 ,1

285 720 505 780 μοσθένει
533 718 712 769 Ῑδοκεῖν·
755 719 888 773 οὗτος
919 719 1004 783 μὲν
1027 719 1120 786 γὰρ
1158 721 1293 784 ὕδωρ,
1321 720 1412 786 ἐγὼ
1439 719 1486 771 δὲ
1513 718 1638 771 οἶνον
1661 721 1797 771 πίνω.

360 885 620 952 Σκέψασθε
671 886 727 949 δὴ
774 886 827 937 τὸ
869 887 1120 955 ψήφισμα,
1165 887 1190 938 ὃ
1235 890 1399 938 δίδωσι
1444 886 1640 955 γράψας
1683 886 1803 950 μετὰ

284 974 431 1018 ταῦτα
470 970 523 1018 gf)
560 969 872 1035 Φιλοκράτης.
916 972 1115 1021 ἀκοῦσαι
1154 970 1239 1034 μὲν
1277 970 1369 1037 γὰρ
1408 970 1612 1021 hebrom}
1653 971 1799 1036 ἰπαγ-

284 1051 441 1105 κάλως
487 1052 596 1118 ἔχει·
645 1052 830 1103 ἐπειδὰν
872 1052 919 1103 δὲ
960 1053 1068 1108 τοὺς
1109 1053 1293 1119 καιροὺς
1338 1055 1697 1119 συλλογίσηταί
1733 1076 1803 1107 τις

284 1137 354 1203 ἐφ’
384 1134 449 1185 ὧν
480 1135 678 1204 ἐγράφη,
704 1140 780 1186 καὶ
818 1136 900 1191 τὰς
941 1139 1225 1205 ὑποσχέσεις
1263 1135 1318 1191 ἃς
1358 1139 1491 1191 οὗτος
1531 1140 1802 1204 ὑπισχνεῖτο
1815 1141 1890 1194 35⁶

283 1219 403 1281 τότε,
431 1219 562 1269 οὐδὲν
588 1220 714 1270 ἄλλο
740 1219 1066 1288 1ᾼῙφανήσονται
1104 1221 1233 1285 πλὴν
1258 1220 1546 1287 παραδόντες
1574 1221 1802 1289 Φιλίππῳ

285 1306 361 1352 καὶ
388 1303 618 1366 Θηβαίοις
646 1303 857 1366 Φωκέας,
887 1305 1031 1367 μόνον
1067 1304 1169 1355 Ῑούκ
1195 1306 1350 1355 ὀπίσω
1376 1304 1442 1354 τὼ
1468 1309 1591 1371 χεῖρε
1618 1303 1801 1367 δήσαν-

284 1409 373 1440 τες.
420 1387 541 1451 Λέγε
567 1387 621 1437 τὸ
647 1389 901 1457 ψήφισμα.
1893 1431 1896 1443 ,

897 1467 1188 1510 ΨΗΦΙΣΜΑ.
1817 1483 1834 1515 ⁵

359 1539 550 1604 “Ορᾶτε,
570 1536 607 1589 ὦ
626 1539 789 1603 ἄνδρες
815 1540 1071 1603 Ἀθηναῖοι,
1097 1539 1151 1590 τὸ
1172 1539 1424 1608 ψήφισμα,
1450 1539 1580 1590 ὅσων
1604 1539 1805 1589 ἐπαίνων

288 1623 363 1672 καὶ
391 1621 507 1686 ὅσης
543 1624 774 1690 εὐφημίας
800 1622 978 1686 μεστόν
1004 1626 1121 1685 ἐστι,
1149 1626 1223 1674 καὶ
1250 1624 1334 1688 τὴν
1361 1624 1545 1689 εἰρήνην
1571 1621 1684 1673 εἶναι
1720 1621 1805 1685 τὴν

286 1705 431 1770 αὐτὴν
470 1707 615 1773 ἥνπερ
655 1708 881 1776 Φιλίππῳ
917 1710 992 1758 καὶ
1027 1713 1123 1761 τοῖς
1160 1707 1418 1772 Π“ε’κγόνοις,
1445 1709 1520 1757 καὶ
1558 1705 1644 1770 τὴν
1682 1728 1806 1769 συμ-

285 1791 474 1857 μαχίαν,
517 1792 593 1840 καὶ
644 1791 886 1841 ἐπαινέσαι
931 1790 1007 1842 11δὲ
1054 1792 1297 1842 Φίλιππον
1338 1790 1408 1841 ὅτι
1459 1790 1805 1855 ἐπαγγέλλεται
1822 1813 1860 1836 ¹0
1890 1811 1893 1852 4

286 1871 346 1922 τὰ
384 1873 538 1922 δίκαια
575 1872 807 1936 ποιήσειν.
851 1874 960 1923 ἀλλ’
999 1873 1130 1924 οὐδὲν
1166 1873 1332 1926 ἐκεῖνός
1371 1896 1427 1938 γε
1465 1873 1804 1938 ἐπηγγέλλετο,

287 1955 418 2006 ἀλλὰ
458 1955 716 2007 οτοσούτου
767 1956 855 2007 ἔδει
900 1958 1301 2022 ἐπαγγέλλεσθαι,
1348 1956 1464 2007 ὥστ’
1505 1957 1599 2006 οὐδ’
1643 1955 1808 2006 εἰδέναι

219 2042 412 2108 54φησὶ
438 2040 487 2090 τί
522 2038 578 2089 ἂν
608 2045 756 2090 ποιῶν
794 2042 929 2103 Ρὺμῖν
967 2041 1230 2107 χαρίσαιτο.
1272 2041 1381 2090 ἀλλ’
1412 2040 1544 2093 οὗτος
1579 2038 1636 2103 ἦν
1672 2041 1697 2089 ὁ
1731 2041 1809 2089 λε’-

287 2147 386 2189 γων
413 2123 527 2189 ὑπὲρ
553 2125 695 2174 αὐτοῦ
732 2126 808 2174 καὶ
834 2125 1255 2191 Ἷὺπισχνούμενος.
1297 2124 1416 2190 πρὸς
1450 2124 1499 2175 δὲ
1533 2123 1641 2177 τοὺς
1678 2122 1810 2189 παρὰ

287 2208 454 2258 τούτου
491 2206 664 2272 λόγους
701 2207 974 2273 ὡρμηκότας
1013 2208 1203 2269 Γλαβὼν
1242 2210 1359 2271 ὑμᾶς
1398 2209 1455 2258 Ξό
1496 2207 1806 2274 Φιλοκράτης,
1826 2229 1861 2263 ¹5

287 2291 517 2359 ἐγγράφει
564 2292 688 2341 τοῦτ’
731 2295 793 2344 εἷς
834 2290 888 2341 τὸ
927 2291 1179 2360 ψήφισμα,
1224 2291 1328 2342 ‘idm
1364 2291 1428 2356 μὴ
1472 2297 1648 2343 ποιῶσι
1693 2295 1803 2342 Φω-

343 2419 359 2437 Z
384 2413 450 2456 ἔφη
480 2417 560 2457 post
588 2411 770 2456 ἀφίστασο
798 2412 911 2445 A.k.s.
1063 2417 1076 2432 ³
1108 2411 1340 2456 προσποιήσει
1363 2412 1398 2445 S.
1437 2410 1659 2457 προσποιήσῃ
1688 2411 1807 2456 vulgo.

289 2463 307 2489 b
328 2464 346 2508 ἢ
367 2465 526 2498 additum
546 2477 587 2498 ex
610 2465 646 2498 S.
757 2470 772 2489 0
792 2464 999 2510 ἐπαναστὰς]
1023 2464 1170 2500 ἀναστὰς
1189 2466 1335 2498 A.k.r.s.
1421 2462 1439 2489 ‘l
1459 2464 1573 2510 οὐδὲν]
1599 2464 1696 2499 οὐδέν
1715 2465 1812 2498 ἐστιν

290 2517 632 2557 F.Q.O.k.r.s.t.u.v.
771 2523 787 2542 e
807 2518 869 2564 μὴ]
895 2519 923 2551 εἷ
942 2518 986 2561 μὴ
1007 2518 1085 2556 Q.r.
1109 2530 1188 2551 cum
1208 2530 1259 2563 pr.
1282 2518 1320 2552 F.
1343 2524 1378 2552 et
1396 2532 1452 2563 γρ.
1477 2518 1513 2552 S.
1649 2515 1664 2542 f
1681 2517 1808 2563 δοκεῖν]

289 2572 381 2605 δοκεῖ
398 2586 452 2617 γρ.
477 2571 510 2604 S.
590 2577 610 2604 g
631 2572 648 2603 ὁ
669 2583 737 2605 om.
760 2571 836 2610 Q.r.
911 2568 932 2595 h
953 2571 1098 2617 οὑτωσὶ]
1123 2570 1229 2606 οὕτως
1248 2571 1276 2604 εἷ
1297 2584 1323 2605 s,
1355 2571 1483 2605 οὑτωσὶ
1502 2571 1531 2604 εἷ
1548 2583 1577 2605 r.
1653 2568 1663 2595 i
1684 2571 1812 2616 παγκά-

288 2624 375 2670 λως]
400 2626 486 2658 πάνυ
507 2626 615 2659 καλῶς
631 2625 772 2658 A.k.r.S.
850 2621 871 2649 k
891 2623 1123 2671 φανήσονται]
1144 2624 1334 2669 φανήσεται
1353 2637 1388 2658 u.
1418 2623 1620 2668 φανήσεσθε
1639 2636 1760 2670 margo
1776 2636 1812 2658 u.

1205 2683 1222 2699 κ

288 2708 299 2736 l
319 2710 395 2756 οὐκ]
419 2711 495 2755 οὐχὶ
515 2712 632 2746 A.k.s.
744 2717 770 2734 ²¹¹
793 2713 943 2757 ἐκγόνοις
961 2712 1152 2751 A.Q.k.r.s.
1183 2712 1335 2757 ἐγγόνοις
1356 2712 1394 2746 F.
1426 2712 1628 2758 Legebatur
1647 2710 1814 2758 ἐγγόνοις.

290 2770 309 2788 ¹¹
330 2765 365 2798 δὲ
386 2776 455 2797 om.
478 2764 521 2798 O.
661 2771 680 2789 0
700 2763 888 2811 τοσούτου]
913 2764 1082 2799 τοσούτου
1102 2779 1140 2809 γε
1162 2764 1439 2802 F.Q.O.r.t.u.v.
1577 2771 1596 2799 P
1617 2765 1695 2809 ὑμῖν
1713 2764 1810 2810 χαρί-

289 2817 406 2863 σαιτο]
431 2817 508 2860 ἡμῖν
527 2817 708 2862 χαρίσαιτο
728 2819 838 2852 A.k.S.
869 2818 1051 2863 χαρίσαιτο
1071 2818 1148 2861 ὑμῖν
1168 2830 1195 2851 r.
1275 2824 1295 2851 q
1317 2816 1602 2864 ὑπισχνούμενος]
1627 2816 1811 2862 ἐπισχνοῦ-

288 2885 387 2914 μενος
407 2883 441 2904 u.
554 2876 569 2894 Γ
589 2872 706 2910 λαβὼν
726 2871 827 2917 ὑμᾶς]
856 2872 938 2916 ὑμᾶς
957 2872 1075 2912 λαβὼν
1094 2870 1486 2910 A.F.Q.O.k.r.s.t.u.v.
1575 2877 1590 2896 Β
1611 2872 1628 2905 ὁ
1649 2884 1669 2906 a
1688 2883 1736 2905 m.
1758 2883 1812 2916 pr.

288 2924 343 2957 vel
362 2924 515 2958 secunda
532 2924 704 2958 inscrtum
723 2924 759 2958 in
777 2925 811 2959 S.
923 2923 937 2950 t
957 2925 1014 2959 ἐὰν
1035 2924 1118 2959 S.Y.
1151 2925 1351 2971 Legebatur
1371 2925 1428 2958 ἐὰν
1447 2924 1495 2966 δὲ,
1516 2926 1611 2971 quod
1631 2937 1652 2960 a
1670 2936 1718 2959 m.
1741 2935 1811 2960 see.

288 2976 394 3010 habet
415 2977 450 3011 S.

1874 2909 1879 2959 ³

1876 2989 1881 3028 ι

1872 3057 1879 3134 ἕ
