1930 3266
72 194 167 241 262,
188 210 239 235 18.
597 199 724 236 ΠΕΡΙ
755 199 860 236 ΤΟὙ
893 198 1200 235 ΣΤΕΦΑΝΟΤ.
1564 195 1647 235 275

191 306 406 348 Παιανιεὺς
433 306 637 359 εἰσήνεγκε
669 308 788 357 νόμον
819 308 872 348 εἷς
901 306 944 346 τὸ
973 305 1243 358 τριηραρχικὸν
1271 304 1357 344 ἀντὶ
1387 307 1454 343 τοῦ
1479 304 1644 355 θπροτέ-
1662 321 1697 351 15

189 390 271 425 pov,
300 374 382 414 καθ’
407 373 453 414 ὃν
481 375 520 413 αἱ
550 373 774 414 συντέλειαι
803 374 907 424 ἦσαν
936 377 1013 413 τῶν
1039 372 1318 424 ἷτριηράρχων·
1353 371 1413 410 καὶ
1445 372 1644 423 ἐπεχειρο-

189 441 356 491 τόνησεν
382 441 405 490 ἡ
431 440 560 490 βουλὴ
589 442 650 480 καὶ
682 443 702 480 ὁ
731 443 858 491 δῆμος·
899 440 960 480 καὶ
991 439 1186 490 ἀπήνεγκε
1217 438 1482 489 ἕπαρανόμων
1514 442 1643 488 Δημο-

189 506 323 546 σθένει
352 509 583 558 Πατροκλῆς
609 508 774 554 Φλυεὺς,
806 507 867 547 καὶ
894 506 973 546 11τὸ
1003 506 1120 558 μέρος
1148 509 1224 546 τῶν
1251 504 1400 556 ψήφων
1431 504 1473 543 οὐ
1504 505 1643 554 λαβὼν
1659 519 1698 541 20

186 571 370 612 ίιῖιπέτισε
390 575 457 615 τὰς
476 573 766 616 Ιςπεντακοσίας
787 572 975 625 δραχμάς.

39 658 113 700 133
131 639 248 704 Φέρε
276 638 333 702 δὴ
359 637 456 689 1καὶ
482 638 564 690 τὸν
590 639 738 690 καλὸν
765 639 1048 703 κατάλογον.

707 763 745 802 Κ
752 761 1068 802 ΑΤΑΛΟΓΟΣ.

237 838 339 881 Τοὺς
368 839 622 891 τριηράρχους
652 841 859 878 καλεῖσθαι
891 839 953 878 ἐπὶ
983 837 1052 887 τὴν
1081 837 1211 889 τριήρη
1243 838 1522 878 συνεκκαίδεκα
1549 837 1639 876 Πῑέκ

182 910 258 947 τῶν
290 908 333 946 ἐν
363 909 442 948 τοῖς
472 907 638 958 ΪΙλόχοις
669 910 919 953 συντελειῶν,
953 906 1028 945 ἀπὸ
1062 907 1183 945 εἴκοσι
1215 906 1276 945 καὶ
1306 905 1424 946 πέντε
1456 907 1553 946 ἐτῶν
1585 909 1638 949 εἰς
1653 921 1689 951 25

182 973 476 1025 τετταράκοντα,
501 973 564 1012 ἐπὶ
585 974 675 1012 ἴσον
695 974 740 1027 τῇ
762 974 927 1026 χορηγίᾳ
947 980 962 996 ⁰
976 973 1210 1025 χρωμένους.

125 1042 244 1108 Φέρε
271 1040 326 1104 δὴ
351 1039 481 1106 παρὰ
505 1046 670 1090 τοῦτον
696 1039 777 1090 τὸν
804 1042 853 1091 ἐκ
878 1046 960 1090 τοῦ
987 1042 1097 1103 ἐμοῦ
1126 1039 1268 1103 νόμου
1295 1039 1575 1106 κατάλογον.

680 1164 700 1195 p
717 1161 1077 1202 KATAAOFOE.
1651 1150 1729 1188 262

31 1252 110 1294 134
234 1238 336 1280 Τοὺς
373 1237 622 1290 τριηράρχους
658 1240 853 1289 αἱρεῖσθαι
894 1239 956 1278 ἐπὶ
996 1238 1066 1287 τὴν
1107 1238 1236 1290 τριήρη
1277 1237 1352 1277 ἀπὸ
1394 1240 1459 1287 τῆς
1498 1238 1634 1280 οὐσίας

178 1308 275 1346 κατὰ
296 1307 463 1356 τίμησιν,
488 1305 563 1345 ἀπὸ
591 1305 795 1345 ταλάντων
821 1306 925 1345 δέκα·
960 1307 1029 1345 ἐὰν
1057 1306 1098 1344 δὲ
1126 1306 1320 1344 πλειόνων
1348 1305 1369 1354 ἡ
1398 1305 1512 1344 οὐσία
1539 1307 1632 1344 ἀπο-

175 1373 404 1424 τετιμημένη
432 1372 455 1423 ᾗ
482 1372 701 1426 χρημάτων,
726 1375 823 1413 κατὰ
843 1373 912 1412 τὸν
934 1371 1205 1423 ἀναλογισμὸν
1231 1372 1301 1413 ἕως
1322 1375 1436 1422 τριῶν
1458 1374 1660 1413 ιῚπλοίωνὸ

176 1441 237 1480 καὶ
267 1442 495 1491 ὑπηρετικοῦ
524 1441 547 1490 ἡ
574 1441 798 1492 λειτουργία
829 1439 944 1479 ἔστω.
993 1441 1089 1478 κατὰ
1117 1438 1187 1488 τὴν
1210 1437 1328 1487 αὐτὴν
1350 1440 1390 1477 δὲ
1413 1439 1632 1489 ἀναλογίαν

174 1508 274 1548 ἔστω
303 1509 365 1548 καὶ
393 1508 451 1549 οἷς
480 1507 653 1547 ἐλάττων
681 1508 821 1547 ῐοῦσία
851 1508 934 1547 ἐστὶ
963 1510 1037 1546 τῶν
1063 1506 1155 1546 δέκα
1178 1505 1396 1551 ταλάντων,
1422 1507 1475 1547 εἰς
1495 1505 1630 1545 συντέ-

172 1581 285 1615 λειαν
307 1574 590 1627 συναγομένοις
612 1576 665 1617 εἷς
685 1577 733 1614 τὰ
754 1574 847 1615 δέκα
867 1573 1055 1614 τάλαντα.

26 1667 100 1709 135
180 1650 310 1719 ςΑρά
346 1659 428 1718 8γε
467 1652 610 1719 μικρὰ
646 1656 884 1716 βοηθῆσαι
922 1657 1017 1705 τοῖς
1055 1650 1253 1714 πένησιν

112 1735 178 1800 “ὴ
215 1735 358 1802 μικρὰ
396 1738 680 1786 Χοἰναλῶσαι
719 1734 812 1786 Ῡᾶν
850 1741 933 1786 τοῦ
977 1735 1041 1799 μὴ
1080 1734 1139 1785 τὰ
1177 1736 1329 1784 δίκαια
1367 1741 1546 1786 Ζποιεῖν
1585 1740 1627 1787 οἱ

110 1821 364 1879 πλούσιοις
407 1821 459 1870 οὐ
485 1821 640 1870 τοίνυν
669 1818 814 1883 μόνον
840 1823 906 1888 τῷ
937 1818 1001 1881 μὴ
1028 1822 1301 1885 καθυφεῖναι
1327 1825 1474 1868 ταῦτα
1500 1841 1619 1881 σεμ-

111 1901 317 1964 νύνομαι,
365 1903 469 1953 οὐδὲ
519 1907 584 1971 τῷ
627 1905 858 1968 ὃ’γραφεὶς
901 1899 920 1927 b
937 1905 1212 1969 ἀποφυγεῖν,
1259 1901 1389 1950 ἀλλὰ
1440 1904 1514 1951 καὶ
1560 1906 1626 1971 τῷ

110 1986 416 2053 συμφέροντα
444 1991 587 2037 θεῖναι
619 1985 700 2036 τὸν
733 1984 875 2047 νόμον
911 1986 985 2034 καὶ
1021 1989 1087 2052 τῷ
1123 1989 1287 2049 πεῖραν
1321 1984 1442 2053 ἔργῳ
1476 1988 1620 2036 δεδω-

17 2082 97 2136 136
110 2069 249 2120 κέναι.
311 2069 466 2120 πάντα
503 2069 595 2135 γὰρ
633 2068 715 2119 τὸν
752 2067 963 2131 πόλεμον
1000 2073 1094 2119 τῶν
1132 2069 1420 2119 ἀποστόλων
1453 2093 1618 2134 γιγνο-
1640 2088 1673 2119 15

106 2153 259 2216 μένων
286 2152 405 2204 κατὰ
430 2152 512 2204 τὸν
539 2154 681 2216 νόμον
706 2152 788 2203 τὸν
817 2151 928 2216 ἐμὸν
955 2154 1040 2219 οὐχ
1068 2153 1295 2218 ἱκετηρίαν
1322 2152 1456 2216 ἔθηκε
1488 2153 1619 2220 τριή-

106 2259 280 2304 ραρχος
314 2238 456 2290 οὐδεὶς
491 2236 674 2287 πώποθ’
706 2239 800 2290 εὼς
836 2236 1132 2299 ἀδικούμενος
1169 2238 1276 2301 παρ’
1307 2238 1425 2299 ὑμῖν,
1457 2239 1539 2287 οὐκ
1573 2240 1621 2288 ἐν

979 2325 998 2333 ’“
1069 2317 1124 2345 (l’

111 2322 359 2389 Μουνυχίᾳ
397 2319 643 2385 ἐκαθέζετο,
683 2322 770 2387 οὐχ
809 2319 898 2371 ὑπὸ
937 2343 1030 2371 των
1099 2320 1408 2371 αποστολέων
1447 2321 1620 2386 θέδέθη,

1290 1651 1304 1677 ¹⁵
1322 1653 1450 1714 ὑμῶν
1489 1655 1625 1714 δοκῶ,
1645 1674 1681 1694 10

160 2516 176 2536 e
196 2511 378 2557 προτέρου]
401 2511 568 2557 πρότερον
589 2511 792 2550 F.S.Q.u.V.
970 2508 986 2536 f
1002 2512 1230 2558 τριηράρχων]
1254 2515 1466 2558 τριηραρχῶν
1488 2513 1616 2552 S.Y.Q.

107 2563 251 2598 O-t.u.v.
344 2570 365 2598 g
383 2565 602 2610 παρανόμων]
627 2567 828 2609 παρανόμων
846 2565 983 2610 γραφὴν
1002 2566 1068 2599 k.s.
1163 2563 1182 2589 h
1202 2567 1241 2599 τὸ
1261 2566 1380 2612 μέρος]
1405 2567 1444 2599 τὸ
1464 2566 1619 2609 πέμπτον

105 2617 205 2663 μέρος
224 2617 338 2652 O.k.s.
461 2615 470 2642 i
490 2617 647 2663 ἀπέτισε]
671 2617 823 2661 ἀπητησε
846 2618 932 2656 S.Q.
1052 2615 1073 2642 k
1093 2619 1332 2665 πεντακοσίας]
1356 2619 1550 2663 τριακοσίας
1570 2619 1615 2653 Ο.

103 2667 115 2694 l
133 2671 186 2704 καὶ
206 2683 273 2705 om.
293 2672 407 2706 A.k.S.
480 2677 508 2695 m
531 2672 566 2704 ἐκ
585 2670 668 2716 τῶν]
693 2672 776 2704 ἐτῶν
796 2672 836 2705 F.
913 2677 932 2695 Π
952 2672 1087 2717 λόχοις]
1109 2673 1227 2716 λόγοις
1248 2672 1292 2710 Q.
1365 2678 1383 2697 0
1401 2673 1612 2718 χρωμένους]

101 2725 276 2768 χρώμενον
295 2724 646 2769 F.S.Q,O.p.r.t.u.v.
725 2730 742 2757 P
764 2725 1042 2770 ΚΑΤΑᾹΟΓΟΣ]
1068 2726 1258 2771 καταλόγου
1279 2726 1363 2764 S.Q.
1448 2731 1467 2758 q
1487 2724 1617 2759 πλοίων

102 2788 171 2811 om.
192 2777 236 2816 Q.
336 2784 351 2803 Γ
371 2778 488 2824 οὐσία]
512 2778 529 2821 ἡ
550 2776 652 2811 οὐσία
671 2790 735 2823 p.r.
848 2783 862 2802 S
882 2793 920 2823 γε
941 2789 1009 2811 om.
1031 2790 1083 2823 pr.
1107 2778 1191 2816 SQ.
1288 2778 1301 2803 ’ί
1323 2778 1430 2824 ὑμῶν]
1457 2779 1532 2822 ὑμῖν
1552 2786 1614 2824 pff.

101 2834 122 2854 ¹¹
141 2829 177 2876 ἢ]
202 2831 254 2864 καὶ
273 2832 456 2878 adscripsit
474 2843 599 2865 manus
619 2837 743 2876 quarta
762 2830 799 2864 in
821 2831 856 2865 S.
1011 2837 1030 2855 Χ
1051 2831 1243 2877 ἀναλῶσαι]
1267 2832 1480 2866 ἀναλώσειαν
1498 2847 1552 2877 γρ.
1575 2833 1614 2866 F.

100 2887 119 2915 Y
138 2881 193 2929 ἂν]
217 2883 291 2918 ἀντὶ
309 2898 376 2931 p.1·.
525 2891 543 2909 Ζ
564 2885 688 2930 ποιεῖν]
713 2885 821 2917 ποιεῖν
842 2884 971 2918 ἐθέλειν
991 2884 1281 2923 F.S.Q.O.t.u.v.
1412 2891 1430 2909 a
1449 2886 1609 2932 γραφεὶς]

98 2938 233 2981 γραφῆς
252 2937 339 2977 RQ.
449 2934 469 2962 b
489 2938 699 2983 ἀποφυγεῖν]
724 2932 934 2982 ἀποφέύγεῖν
956 2937 990 2973 S.
1013 2950 1092 2972 cum
1112 2944 1244 2984 puncto
1265 2951 1368 2984 super
1388 2954 1414 2972 ε.
1536 2944 1551 2963 ⁰
1572 2939 1615 2975 ὡς

100 3000 167 3023 om.
191 2990 227 3025 S.
320 2988 340 3016 d
358 2991 597 3037 ἀποστολέων]
622 2991 828 3025 ἀποστόλων
849 2991 933 3025 O.u.
1035 2997 1051 3016 θ
1071 2992 1186 3038 ἐδέθη]
1213 2992 1328 3036 ἐδεήθη
1350 2992 1395 3031 Q.

789 3065 913 3092 an
