1882 3250
202 149 286 191 2⁶26
736 151 1197 205 [ΔΗΜΟΣΘΕΝΟΎΣ]
1284 151 1364 190 on.
1391 149 1545 189 xv11.
1567 164 1605 204 p.
1626 160 1720 197 212,
1738 161 1778 188 ω

203 264 538 329 ραννουμένους
564 265 802 329 θάκρίτους
835 264 964 314 ε”στιν
991 264 1104 328 ὁρᾶν
1130 262 1486 325 ἀπολλυμένους
1513 259 1610 322 ἅμα
1641 262 1716 310 καὶ

165 347 530 412 5ὑβριζομένους
572 351 634 399 εἷς
678 350 845 399 παῖδας
891 348 964 395 καὶ
1013 350 1245 409 γυναῖκας.
1308 343 1437 409 παρὰ
1480 343 1586 396 τοὺς
1630 342 1713 407 ὅρ-

207 452 314 482 κους
339 431 494 480 τοίνυν
521 431 596 479 καὶ
629 428 712 481 τὰς
747 427 986 491 συνθήκας
1022 428 1105 480 τὰς
1135 430 1183 477 ἐν
1209 431 1267 494 τῇ
1294 431 1422 493 κοινῇ
1449 425 1603 493 εἰρήνῃ
1629 447 1711 490 γε·
1728 446 1767 477 25
1832 466 1846 511 Β

207 514 476 579 γραμμένας
519 512 838 580 Ἀλέξανδρος
876 516 937 564 εἰς
978 510 1248 573 Μεσσήνην
1289 508 1572 573 καταγαγὼν
1611 506 1719 561 τοὺς
1837 537 1844 543 ·

210 595 438 646 Φιλιάδου
469 598 651 655 παῖδας,
679 594 836 647 Ῠὸντας
870 592 1135 658 τυράννους,
1161 591 1234 657 ἆρ’
1261 591 1511 660 ἐφρόντισε
1536 596 1618 641 τοῦ
1645 593 1713 641 δι-

209 677 352 735 καίου,
379 677 488 724 ἀλλ’
518 676 599 725 οὐκ
633 673 869 740 ἐχρήσατο
905 678 970 742 τῷ
1003 675 1144 723 αὑτοῦ
1179 673 1306 723 ἕέθει
1345 677 1411 740 τῷ
1448 677 1719 740 τυραννικῷ,

171 757 366 824 ὄβραχὺ
392 760 653 825 φροντίσας
681 759 809 821 ὑμῶν
836 759 910 807 καὶ
937 760 1020 820 τῆς
1046 760 1198 819 κοινῆς
1226 756 1479 820 ὁμολογίας
1501 776 1513 816 ;
1557 756 1609 804 οὐ
1635 754 1814 818 11δὴ213,

211 844 290 902 δεῖ,
325 845 362 890 εὶ
400 841 484 903 μέν
522 863 591 894 τις
630 843 747 903 ὑμᾶς
785 846 932 890 ταῦτα
968 840 1188 906 βιάζοιτο,
1226 838 1420 902 μάλιστ’
1451 840 1717 902 ἀγανακτῆ-

211 945 308 984 σαι,
335 927 371 973 εἰ
406 925 443 972 δ’
472 924 663 989 ἑτέρωθί
696 946 787 973 που
821 923 983 988 γέγονε
1022 923 1152 989 παρὰ
1189 921 1294 976 τοὺς
1329 920 1447 987 πρὸς
1485 923 1602 984 ὑμᾶς
1637 923 1716 986 ὄρ·

211 1029 331 1067 κους,
365 1005 430 1069 μὴ
460 1005 808 1073 ἰφυλάξασθαι,
835 1008 910 1055 καὶ
943 1006 1052 1068 ἡμῖν
1090 1006 1174 1068 μὲν
1208 1005 1562 1055 διακελεύεσθαί
1595 1026 1752 1058 τιναςε

211 1088 232 1115 k
1421 1086 1560 1137 ¹01‘)'†co
1597 1109 1727 1152 περι-

238 1091 422 1140 ἐνταυθὶ
458 1089 665 1152 ἐμμένειν
701 1094 796 1141 τοῖς
832 1088 997 1154 ὅρκοις,
1025 1094 1120 1141 τοῖς
1155 1090 1191 1139 δ’
1222 1088 1387 1140 αὐτοὺς

176 1183 198 1226 7
213 1173 397 1237 βοήτως
417 1171 676 1240 ἀνῃρηκόσι
695 1174 1030 1223 ΠῙκαταλείτι-ειν
1050 1172 1223 1236 ταύτην
1243 1171 1328 1235 τὴν
1348 1171 1584 1239 ἐξουσίαν.
1616 1171 1725 1220 ἀλλ’

214 1257 299 1323 οὐχ
334 1255 431 1306 οἶόν
468 1279 517 1306 τε
554 1257 682 1306 ταῦθ’
712 1257 856 1308 οὕτως
894 1255 1028 1322 ἔχειν,
1063 1254 1142 1305 ἐὰν
1178 1254 1423 1318 βούλησθε
1462 1257 1528 1322 τῷ
1567 1254 1726 1322 δικαίῳ

212 1343 434 1406 χρῆσθαι·
480 1342 554 1390 καὶ
590 1338 682 1404 γὰρ
717 1339 782 1388 ἔτι
819 1339 1213 1404 προσγέγραπται
1254 1340 1301 1387 ἐν
1335 1342 1434 1390 ταῖς
1470 1336 1780 1399 συνθήκαιςιο

213 1423 441 1485 πολέμιον
486 1421 598 1473 εἶναι
648 1421 730 1472 τὸν
778 1423 927 1472 ἐκεῖνα
977 1420 1096 1486 ἅπερ
1140 1421 1459 1488 Ἀλέξανδρος
1506 1425 1730 1470 ποιοῦντα

215 1504 367 1557 ἅπασι
401 1511 497 1559 τοῖς
529 1508 610 1568 τῆς
645 1504 824 1570 εἰρήνης
860 1511 1150 1563 κοινωνοῦσι,
1177 1508 1253 1554 καὶ
1278 1503 1363 1567 τὴν
1389 1503 1548 1570 χώραν
1574 1503 1730 1562 αὐτοῦ,

216 1591 291 1639 καὶ
330 1589 672 1654 στρατεύεσθαι
709 1589 776 1637 ἐπ’
805 1587 947 1637 αὐτὸν
982 1586 1208 1640 ἅπαντας.
1271 1588 1436 1637 οὐκοῦν
1471 1585 1550 1636 ἐὰν
1587 1590 1730 1636 ποιῶ-

215 1694 301 1735 μεν
345 1672 403 1723 τὰ
447 1672 742 1737 συγκείμενα,
787 1671 999 1740 πολεμίῳ
1050 1670 1326 1736 χρησόμεθα
1376 1673 1442 1738 τῷ
1487 1676 1730 1733 “καταγα-

179 1756 364 1821 8γόντι.
425 1755 556 1805 ἀλλὰ
593 1754 686 1820 γὰρ
724 1754 892 1804 εἴποιεν
931 1753 987 1803 ἂν
1029 1757 1069 1803 οὶ
1109 1753 1452 1818 τυραννίζοντες
1489 1751 1615 1802 οὗτοι
1658 1750 1728 1801 ὅτι
1747 1771 1784 1802 15

215 1842 327 1907 πρὶν
354 1839 462 1892 οτόις
497 1837 737 1902 συνθήκας
772 1838 991 1902 γενέσθαι
1031 1836 1308 1901 ἐτυράννουν
1332 1836 1656 1898 ΡΜεσσηνίων
1689 1838 1732 1885 οἱ

219 1921 449 1974 Φιλιάδου
485 1923 661 1974 παῖδες·
708 1919 778 1970 διὸ
817 1923 891 1970 καὶ
931 1918 1149 1983 κατάγειν
1182 1917 1264 1968 τὸν
1298 1917 1618 1986 Ἀλέξανδρον
1653 1917 1732 1967 αὐ-

217 2006 340 2060 τούς.
396 2005 527 2056 ἀλλὰ
560 2004 915 2069 καταγέλαστος
952 2004 975 2053 ὁ
1011 2001 1169 2067 λόγος,
1195 2001 1302 2054 τοὺς
1340 2000 1424 2062 μὲν
1457 2003 1506 2051 ἐκ
1539 2000 1736 2060 Λέσβου

217 2088 484 2156 τυράννους,
535 2087 631 2138 οἷον
676 2088 732 2155 ἐξ
781 2088 1044 2150 Ἀντίσσης
1090 2087 1166 2136 καὶ
1216 2085 1468 2149 (ὶἘρέσου,
1514 2085 1732 2143 ἐκβαλεῖν
1746 2104 1788 2126 20

219 2176 281 2226 ὡς
326 2171 609 2235 ἀδικήματος
655 2170 788 2223 ὄντος
832 2175 914 2219 τοῦ
957 2168 1311 2230 πολιτεύματος,
1352 2167 1459 2220 τοὺς
1503 2166 1596 2232 πρὸ
1641 2170 1736 2217 τῶν

220 2257 486 2320 ὁμολογιῶν
508 2252 927 2319 ῙΓτυραννήσαντας,
949 2253 996 2301 ἐν
1017 2251 1065 2301 δὲ
1094 2251 1336 2318 Μεσσήνῃ
1362 2249 1505 2314 μηδὲν
1531 2249 1737 2300 Ξοῖεσθαι

184 2338 468 2406 9διαφέρειν,
520 2339 603 2398 τῆς
658 2336 799 2396 αὐτῆς
854 2335 1126 2400 δυσχερείας
1187 2333 1506 2399 ὑπαρχούσης.
1580 2332 1738 2383 ε”πειτα

223 2424 298 2471 καὶ
336 2418 566 2470 ἐπιτάττει
601 2418 627 2480 ἡ
663 2416 876 2480 συνθήκη
911 2415 1042 2470 εὐθὺς
1081 2417 1129 2466 ἐν
1164 2418 1287 2482 ἀρχῇ
1322 2415 1589 2481 ἐλευθέρους
1624 2413 1738 2466 εἶναι

609 2538 659 2558 ους
1669 2523 1686 2554 ἔ

280 2572 296 2591 θ
315 2564 488 2610 ἀκρίτους]
511 2563 651 2609 ἀκρίτως
669 2564 706 2596 F.
733 2563 874 2607 ἀκρίτως
894 2575 926 2596 V.
985 2559 999 2587 f
1017 2562 1115 2597 ὄντας
1134 2562 1186 2608 τ.]
1211 2577 1241 2596 τ.
1259 2561 1356 2596 ὄντας
1372 2562 1413 2595 A.
1476 2567 1495 2594 g
1515 2561 1583 2595 ἔθει
1604 2561 1639 2594 S.
1666 2559 1738 2595 ηθει

226 2620 265 2654 F.
296 2619 367 2662 ν’]’θει
385 2618 503 2662 vulgo.
603 2614 621 2640 h
642 2616 682 2659 δὴ
703 2615 769 2660 δεῖ]
794 2614 821 2648 δ’
844 2616 913 2658 ἤδει
935 2616 1009 2649 ΡΝ.
1107 2612 1116 2639 i
1138 2614 1377 2660 φυλάξασθαι]
1402 2617 1503 2647 τοῦτο
1522 2615 1637 2658 πράως
1656 2612 1740 2655 ὑμᾶς

226 2673 316 2716 ἔχειν
335 2672 388 2704 καὶ
407 2671 525 2715 ὅρκους
544 2670 588 2712 μὴ
609 2669 832 2714 φυλαξασθαι
852 2669 985 2702 addunt
1006 2668 1130 2702 Y.O.v.
1154 2674 1188 2702 et
1208 2680 1329 2713 margo
1349 2669 1390 2700 A.
1412 2674 1445 2701 et
1467 2667 1504 2700 F.
1643 2662 1663 2689 k
1687 2664 1739 2697 ἐν-

225 2725 339 2770 ταυθὶ]
365 2724 521 2756 ἐνταυθοῖ
539 2722 664 2756 A.O.v.
684 2736 739 2767 γρ.
762 2721 802 2755 F.
823 2733 891 2754 rec.
909 2721 952 2754 Y.
1044 2718 1052 2745 Ῑ
1073 2720 1179 2766 οὕτω]
1205 2720 1310 2755 οὕτως
1331 2720 1368 2755 S.
1453 2725 1483 2744 [Π
1505 2716 1734 2762 καταλείπειν]

226 2778 422 2811 καταλιπεῖν
442 2774 654 2809 F.S.Y.O.v.
808 2779 826 2797 Π
847 2773 1089 2819 καταγαγόντι]
1111 2775 1291 2819 κατάγοντι
1313 2773 1347 2806 S.
1487 2777 1505 2796 ⁰
1524 2772 1584 2806 τὰς
1603 2782 1672 2805 om.
1693 2768 1738 2803 Ο.

228 2836 248 2865 P
269 2828 494 2873 Μεσσηνίων]
519 2841 694 2871 μεσσηνην
716 2827 750 2859 S.
876 2832 895 2859 q
915 2825 1078 2872 Ἐρέσου]
1103 2826 1225 2871 ἐρεσοῦ
1246 2826 1288 2859 O.
1319 2825 1458 2870 αἶρέσου
1480 2825 1518 2858 F.
1548 2825 1686 2869 αἶρέσου
1705 2833 1738 2856 v.

227 2887 242 2907 Γ
261 2880 550 2927 τυραννήσαντας]
574 2878 863 2924 τυραννεύσαντας
882 2880 925 2913 Α.
1034 2884 1048 2903 S
1069 2877 1219 2924 οἴεσθαι]
1244 2877 1358 2912 οἴεσθε
1381 2878 1417 2911 S.
