1930 3266
188 1330 273 1373 254

289 196 374 236 308
834 200 1259 238 ΔΗΜΟΣΘΕΝΟΎΣ
1339 197 1420 236 ομ.
1447 197 1627 236 xvm.
1651 211 1691 251 p.
1710 208 1804 249 294,
1828 211 1919 238 ,μή

290 307 441 377 Νάξῳ
487 312 561 359 καὶ
600 309 948 375 8Ἀριστόλεως
992 312 1040 360 ἐν
1084 309 1252 377 Θάσῳ,
1293 312 1335 358 οἱ
1379 308 1605 377 καθάπαξ
1644 311 1801 376 ἐχθροὶ

286 393 369 454 τῆς
396 392 595 451 πόλεως,
626 391 759 446 ΙΙτοὺς
784 394 1049 456 Ἀθηναίων
1070 393 1280 457 κρίνουσι
1309 393 1477 459 φίλους
1499 396 1575 442 καὶ
1598 391 1802 456 Ἀθήνη-

189 495 212 522 2
216 494 272 537 52
287 497 368 525 σιν
394 478 624 543 Αἰσχίνης
652 476 989 539 Δημοσθένους
1017 479 1275 539 κατηγορεῖ.
1315 476 1464 525 καίτοι
1498 475 1589 544 ὅτῳ
1623 475 1682 525 τὰ
1707 480 1801 526 τῶν

286 559 540 623 Ἑλλήνων
576 560 852 626 ἀτυχήματα
893 561 1197 620 ἐνευδοκιμεῖν
1239 558 1463 620 ἀπέκειτο,
1501 558 1802 610 ἀπολωλέναι

285 647 475 705 μᾶλλον
508 642 641 696 οὗτός
678 645 781 692 ἐστι
817 643 988 695 δίκαιος
1026 640 1054 705 ἦ
1091 646 1365 706 κατηγορεῖν
1391 642 1562 706 ἑτέρου·
1605 644 1680 692 καὶ
1707 642 1800 710 ὅτῳ
1816 669 1850 700 15

285 725 662 792 συνενηνόχασιν
696 729 737 776 οἱ
774 726 903 775 αὐτοὶ
944 730 1091 791 καιροὶ
1130 727 1205 774 καὶ
1242 730 1336 777 τοῖς
1372 728 1455 788 τῆς
1490 725 1674 779 πόλεως
1717 728 1796 792 ε’χ-

188 820 267 862 253
285 814 424 874 θροΐς,
461 811 543 859 οὐκ
576 810 642 860 ἔνι
678 814 845 859 τοῦτον
879 810 1039 859 εὔνουν
1071 806 1185 858 εἶναι
1223 812 1281 874 τῇ
1315 810 1516 875 πατρίδι.
1558 811 1718 873 δηλοῖς
1753 809 1802 860 δὲ

283 890 385 942 ἰκαὶ
427 892 484 959 ἐξ
523 889 587 941 ὧν
625 891 706 957 ζῇς
748 893 823 941 καὶ
867 897 1010 945 ποιεῖς
1055 894 1129 941 καὶ
1170 891 1394 959 πολιτεύῃ
1440 895 1515 943 καὶ
1554 892 1702 943 πάλιν
1749 894 1803 943 οὐ

1050 974 1068 1003 12

281 976 520 1042 πολιτεύῃ.
559 975 818 1041 πράττεταί
848 998 893 1025 τι
931 980 1025 1025 τῶν
1061 977 1187 1038 ’ὑμῖν
1213 975 1474 1027 δοκούντων
1500 976 1796 1045 συμφέρειν;

283 1059 472 1127 ἄφωνος
493 1061 741 1126 Αἰσχίνης.
786 1059 1078 1124 ἀντέκρουσέ
1089 1082 1132 1109 τι
1153 1061 1228 1109 καὶ
1249 1060 1442 1124 γέγονεν
1463 1059 1560 1110 οἷον
1579 1061 1661 1110 οὐκ
1681 1060 1768 1110 ἔδει
1787 1081 1799 1120 3
1817 1079 1855 1102 ²0

281 1142 512 1208 πάρεστιν
557 1143 804 1209 Αἰσχίνης·
853 1142 1017 1208 ὥσπερ
1061 1141 1120 1192 τὰ
1165 1141 1385 1208 ῥήγματα
1435 1145 1511 1193 καὶ
1555 1141 1614 1193 τὰ
1650 1141 1797 1194 1σπά-

282 1248 461 1290 σματα,
489 1226 603 1276 ὅταν
628 1250 672 1277 τι
700 1226 843 1277 κακὸν
869 1226 922 1276 τὸ
946 1230 1088 1288 σῶμα
1115 1225 1260 1292 λάβῃ,
1286 1225 1389 1276 τότε
1418 1231 1620 1276 κινεῖται.

354 1310 547 1374 Ἐπειδὴ
584 1310 632 1361 δὲ
667 1309 861 1364 ῐΙΊττολὺς
898 1315 995 1364 τοῖς
1034 1307 1398 1373 συμβεβηκόσιν
1433 1309 1647 1374 ἔγκειται,
1681 1309 1800 1370 βού-

282 1395 433 1457 λομαί
469 1417 513 1445 τι
555 1397 630 1445 καὶ
667 1393 939 1462 παράδοξον
980 1397 1136 1444 εἰπεῖν.
1173 1392 1253 1442 καί
1287 1415 1378 1455 μου
1411 1391 1533 1458 πρὸς
1568 1393 1684 1446 Διὸς
1725 1396 1801 1444 καὶ

283 1482 402 1529 θεῶν
432 1480 590 1541 μηδεὶς
627 1477 713 1541 τὴν
752 1476 1023 1543 ὑπερβολὴν
1062 1474 1302 1543 θαυμάσῃ,
1332 1475 1464 1526 ἀλλὰ
1497 1477 1594 1539 μετ’
1623 1477 1800 1531 εὐνοίας
1815 1495 1851 1526 25

285 1561 310 1614 ὃ
348 1563 474 1628 λέγω
511 1561 813 1628 θεωρησάτω.
858 1565 895 1611 εὶ
930 1560 1024 1627 γὰρ
1056 1560 1113 1625 ἧν
1147 1559 1301 1611 ἅπασι
1334 1559 1554 1627 πρόδηλα
1589 1560 1647 1611 τὰ
1679 1562 1797 1624 με’λ-

284 1655 432 1697 λοντα
491 1647 830 1712 1Ειγενήσεσθαι,
883 1647 958 1695 καὶ
1008 1642 1283 1711 προῄδεσαν
1341 1644 1561 1706 οπάντες,
1612 1647 1689 1695 καὶ
1739 1643 1804 1695 σὺ

283 1732 555 1797 προῦλεγες,
583 1729 837 1795 ΡΑἷσχίνη,
865 1731 940 1779 καὶ
980 1727 1311 1793 Ἷδιεμαρτύρου
1349 1732 1478 1788 βοῶν
1517 1730 1594 1778 καὶ
1631 1751 1798 1795 κεκρα-

283 1813 394 1880 γώς,
433 1813 483 1867 ὃς
522 1814 617 1863 οὐδ’
659 1812 892 1881 ἐφθέγξω,
927 1812 1022 1861 οὐδ’
1060 1812 1206 1865 οὕτως
1241 1811 1538 1862 ἀποστατέον
1569 1816 1627 1879 τῇ
1664 1811 1802 1863 πόλει
1817 1832 1894 1876 295

283 1895 462 1946 τούτων
486 1894 558 1960 ἧν,
585 1895 712 1961 ε’ίπερ
750 1893 810 1958 ri}
848 1893 990 1963 δόξης
1025 1892 1053 1958 ὴ
1087 1892 1337 1958 προγόνων
1370 1893 1399 1958 ἢ
1432 1899 1515 1944 τοῦ
1541 1894 1803 1956 με’λλοντος

189 1993 269 2036 255
285 1983 450 2033 αἰῶνος
500 1978 593 2046 εἶχε
638 1979 800 2045 λόγον.
848 1984 930 2029 νῦν
979 1985 994 2003 ⁵
1014 1978 1098 2041 μέν
1149 2000 1203 2042 γε
1248 1979 1500 2045 ἀποτυχεῖν
1543 1981 1670 2028 δοκεῖ
1709 1983 1804 2029 τῶν

283 2062 590 2129 πραγμάτων,
618 2062 643 2113 ὃ
668 2067 790 2113 πᾶσι
824 2060 977 2112 κοινόν
1004 2063 1134 2111 ἐστιν
1159 2062 1438 2127 ἀνθρώποις,
1465 2060 1577 2112 ὅταν
1610 2065 1677 2130 τῷ
1712 2064 1803 2130 θεῷ

283 2153 432 2198 ταῦτα
472 2149 601 2214 δοκῇ·
643 2146 749 2197 τότε
790 2148 827 2196 δ’
875 2146 1081 2214 ἀξιοῦσα
1120 2143 1408 2211 προεστάναι
1453 2149 1547 2195 τῶν
1591 2145 1830 2209 ῒοἰ’λλων,5

284 2229 364 2283 εἶτ’
412 2233 672 2282 ἀποστᾶσα
725 2230 905 2291 τούτου,
952 2231 1180 2299 Φιλίππῳ
1233 2229 1572 2296 προδεδωκέναι
1620 2229 1801 2284 πάντας

285 2313 343 2365 ἂν
369 2315 510 2382 ε”σχεν
535 2315 703 2365 αἰτίαν.
747 2319 784 2364 εἰ
810 2313 903 2380 γὰρ
938 2319 1087 2364 ταῦτα
1123 2318 1312 2379 προεῖτο
1350 2321 1371 2340 ¹¹
1391 2316 1581 2376 ἀκονιτὶ,
1606 2316 1712 2381 περὶ
1738 2312 1804 2365 ‹31›

285 2399 478 2450 *οὐδένα
513 2399 725 2450 κίνδυνον
750 2398 911 2449 ἳὸντιϋ
941 2399 1054 2465 Ζούχ
1088 2398 1336 2460 ὑπέμειναν
1367 2401 1409 2448 οἱ
1441 2397 1682 2464 πρόγονοι,
1709 2400 1803 2452 ξιτίς

340 2574 361 2602 g
380 2567 626 2614 Ἀριστόλεως]
648 2567 850 2613 ἆριστόλεος
872 2568 908 2604 S.
939 2567 1147 2615 ἀριστόλαος
1167 2567 1532 2614 F.Y.Q.O.p.r.t.u.v.
1666 2564 1686 2592 h
1705 2566 1800 2613 τοὺς]

285 2625 354 2656 τῶν
369 2627 395 2656 t.
522 2619 531 2647 i
552 2623 604 2655 καὶ
624 2633 693 2656 om.
714 2621 909 2656 Y.O.t.u.v.
1035 2618 1054 2646 k
1076 2621 1170 2668 ὑμῖν]
1195 2621 1273 2666 ἡμῖν
1292 2622 1437 2656 A,k.r.s.
1561 2617 1571 2645 ¹
1593 2620 1798 2667 σπάσματα]

287 2676 516 2721 σπαράγματα
533 2687 560 2710 S.
683 2681 713 2700 m
733 2675 858 2722 πολὺς]
884 2676 936 2709 καὶ
956 2675 1065 2710 πολὺς
1083 2687 1119 2720 Ρ.
1242 2681 1257 2697 ‘¹
1276 2673 1500 2721 γενήσεσθαι]
1525 2674 1667 2708 ἔσεσθαι
1687 2675 1800 2709 A.k.s.

287 2734 306 2754 0
325 2729 448 2764 πάντες
469 2728 621 2768 S.Q.r.v.
653 2729 852 2774 Legebatur
871 2727 1024 2764 ἅπαντες.
1155 2732 1172 2756 Ρ
1188 2728 1334 2773 Αἰσχίνη
1355 2740 1426 2763 om.
1448 2727 1801 2774 A.F.Y.O.k.p.r.S.t.

287 2794 358 2817 u.v.
380 2788 415 2816 et
434 2796 488 2827 γρ.
511 2781 555 2821 Q.
587 2781 716 2816 Omisit
736 2782 842 2816 etiam
862 2782 1009 2828 Dionys,
1032 2781 1115 2816 Hal.
1135 2783 1202 2816 vol.
1225 2780 1260 2816 6.
1280 2794 1316 2827 p.
1347 2792 1389 2816 10
1393 2788 1415 2828 5
1429 2793 1435 2815 ι
1449 2808 1456 2816 .
1585 2787 1605 2814 q
1624 2780 1802 2825 διεμαρτύ-
1823 2800 1826 2804 ’

287 2835 366 2881 pov]
391 2834 601 2881 διεμαρτύρω
620 2836 731 2869 A.k.s.
861 2843 875 2861 ¹'
897 2834 914 2878 ἢ
935 2835 1052 2881 δόξης]
1074 2836 1126 2868 καὶ
1147 2836 1246 2880 δόξης
1265 2847 1334 2869 u.v.
1471 2839 1486 2859 S
1505 2834 1567 2878 μέν
1584 2848 1624 2880 γε
1644 2834 1800 2869 A.S.k.s.

286 2890 348 2932 μὲν
366 2889 432 2934 γὰρ
452 2889 569 2923 ceteri.
646 2887 660 2914 t
679 2888 812 2934 ἄλλων]
831 2888 1006 2932 Ἑλλήνων
1019 2904 1074 2934 γρ.
1091 2888 1175 2927 S.Q.
1208 2889 1264 2923 Sic
1280 2888 1374 2934 apud
1389 2887 1613 2934 Dionysium.
1687 2893 1710 2913 ¹¹
1723 2887 1802 2921 ἀκο-

288 2941 370 2987 νιτὶ]
394 2941 540 2976 ἇκονειτὶ
558 2942 593 2976 S.
716 2947 736 2966 Χ
758 2942 894 2988 οὐδένα]
917 2942 980 2986 οὐχ
1000 2941 1056 2975 ἕνα
1075 2942 1186 2976 A-k.s.
1308 2947 1327 2975 Y
1348 2940 1465 2987 ὅντιν’]
1490 2942 1641 2975 ὁντινοῦν
1660 2940 1799 2980 F.Y.Q.

289 2994 474 3031 O.r.t.u.v.
494 3001 531 3030 et
549 3000 725 3030 correctus
745 3007 772 3029 s.
884 3001 902 3021 Ζ
922 2995 986 3039 οὐχ
1006 3007 1074 3030 om.
1095 3000 1123 3030 t.
1236 3000 1255 3020 a
1273 2994 1342 3041 τίς]
1366 2995 1417 3030 τίς
1436 2993 1477 3028 ἂν
1496 2995 1606 3030 A.k.s.

1903 0 1930 148 *¹2

1925 150 1930 194 1

1920 209 1930 554 ἰ
