1903 3271
225 166 310 208 470
764 168 1195 206 ΔΗΜΟΣΘΕΝΟὙΣ
1351 167 1433 207 OR.
1457 167 1597 208 XIX.
1621 182 1660 222 p.
1678 180 1777 219 444,
1795 185 1813 209 4
1854 136 1858 141 Δ

224 276 309 339 μὲν
335 278 461 346 αὐτῷ
492 276 551 328 τὰ
579 276 882 340 ὶ)Θε”ι·ταλῶν,
911 280 987 328 καὶ
1014 282 1204 343 Φεραῖοι
1241 283 1431 344 πρῶτον
1457 280 1510 330 οὐ
1536 302 1740 344 συνηκο-

225 361 441 423 λούθουν,
468 363 772 427 εέκρατοῦντο
800 361 848 412 δὲ
873 365 1078 425 Θηβαῖοι
1118 363 1192 411 καὶ
1226 359 1244 387 d
1253 362 1411 429 μάχην
1437 363 1636 426 ἥττηντο
1671 366 1776 418 καὶ5

225 442 452 509 τρόπαιον
487 446 568 495 ἀπ’
597 445 751 494 αὐτῶν
790 444 1007 508 εἱστήκει,
1039 444 1121 494 οὐκ
1160 444 1343 495 egum-n
1380 450 1646 511 παρελθεῖν,
1687 445 1748 496 ἐἰ

225 526 514 590 ἓβοηθήσεθ
552 529 692 591 ὑμεῖς,
727 529 845 591 οὐδ’,
889 528 945 577 ἂν
983 529 1205 595 ἐπιχειρῇ,
1244 527 1462 595 1ὶχαίρειν,
1503 533 1540 579 εἶ
1577 529 1642 593 μή
1681 552 1750 583 τις

130 623 214 678 368
228 610 367 677 τέχνη
394 610 791 676 προσγενήσεται.
833 615 935 664 πῶς
968 611 1049 661 οὖν
1074 609 1190 674 μήτε
1218 610 1490 679 ἰψεύσωμαι
1520 617 1747 680 φανερῶς,

227 693 332 757 μήτ’
362 696 588 759 ἐπιορκεῖν
616 692 758 762 δόξας
789 693 927 744 πάνθ’
961 692 1025 744 Κᾶ
1062 693 1314 757 1,Βούλομαι
1339 695 1707 764 1Ῑὶδιαπράξωμαι
1731 718 1742 758 ;
1765 723 1803 745 ιο

226 782 363 840 πῶς;
408 779 604 839 “οὕτως,
644 775 739 828 Οᾶν
778 779 1044 841 Ἀθηναίων
1084 777 1213 832 τινας
1252 780 1369 844 εὕρω
1408 778 1515 832 τοὺς
1556 783 1746 844 ΡἈθη-

229 861 383 914 ναίους
427 860 829 929 ἐξαπατήσοντας·
869 860 1041 925 ταύτης
1079 861 1173 927 γὰρ
1212 861 1360 912 οὐκέτ’
1409 861 1501 928 ἐγὼ
1546 865 1630 926 τῆς
1672 867 1744 913 αὶ-

228 945 409 1012 σχύνης
435 950 729 1011 κληρονομῶ.
775 947 984 996 ἐντεῦθεν
1010 949 1051 995 οἱ
1077 944 1162 1008 μὲν
1187 947 1295 1012 παρ’
1324 947 1497 997 ἐκείνου
1522 947 1749 1012 πρέσβεις

228 1030 494 1095 προῦλεγον
535 1030 642 1092 ὑμῖν
685 1027 755 1079 ὅτι
805 1029 998 1082 Φωκέας
1043 1030 1097 1079 οὐ
1140 1029 1456 1097 προσδέχεται
1508 1031 1748 1084 Φίλιππος
1765 1056 1801 1086 15

132 1122 217 1177 369
231 1111 526 1180 συμμάχους,
568 1113 692 1163 οὗτοι
734 1115 774 1163 δ’
821 1111 1151 1180 (ῑέκδεχόμενοι
1202 1115 1370 1164 τοιαῦτ’
1416 1113 1749 1181 ἐδημηγόρουν,

231 1199 294 1250 ὡς
333 1201 547 1265 φανερῶς
585 1196 670 1259 μὲν
708 1197 812 1263 οὐχὶ
853 1202 1011 1251 καλῶς
1047 1197 1138 1264 ε”χει
1174 1201 1241 1265 τῷ
1275 1199 1502 1268 Φιλίππῳ
1537 1200 1748 1264 προσδέ-

230 1279 410 1348 ξασθαι
448 1279 555 1332 τοὺς
596 1279 788 1333 Φωκεάς
827 1279 1109 1348 συμμάχους
1144 1280 1220 1331 διὰ
1257 1281 1365 1335 τοὺς
1399 1282 1640 1345 Θηβαίους
1676 1285 1752 1332 καὶ

228 1370 245 1390 r
260 1362 368 1418 τοὺς
395 1362 683 1425 Θετταλοὺς,
712 1370 726 1389 ⁵
744 1361 802 1413 ἂν
840 1362 887 1414 δὲ
914 1363 1101 1429 γένηται
1140 1368 1234 1415 τῶν
1267 1363 1562 1430 πραγμάτων
1597 1366 1752 1430 κύριος

231 1449 306 1497 καὶ
333 1450 415 1511 τῆς
449 1445 631 1513 εἰρήνης
669 1445 804 1514 τύχῃ,
833 1444 952 1513 ἅπερ
978 1446 1036 1497 ἂν
1062 1448 1325 1499 συνθέσθαι
1353 1454 1435 1499 νῦν
1460 1448 1750 1516 ἀξιώσαιμεν
1765 1479 1805 1501 20

133 1553 219 1596 370
232 1530 387 1593 αὑτὸν,
409 1535 557 1580 ταῦτα
583 1529 773 1593 ποιήσει
798 1529 919 1581 τότε.
962 1530 1048 1595 τὴν
1073 1530 1158 1594 μὲν
1177 1532 1333 1582 τοίνυν
1354 1530 1537 1597 εἰρήνην
1562 1531 1751 1586 ταύταις

231 1618 332 1667 ταῖς
372 1613 569 1664 ἵέλπίσι
611 1615 689 1663 καὶ
733 1618 832 1667 ταῖς
874 1615 1178 1679 11ἐπαγωγαῖς
1215 1616 1442 1681 Χεῦροντο
1477 1615 1585 1679 παρ’
1625 1615 1753 1677 ὑμῶν

233 1697 342 1748 ἄνευ
363 1697 580 1748 Φωκέων·
621 1697 708 1761 τὴν
734 1696 783 1748 δὲ
808 1697 1030 1761 βοήθειαν
1054 1697 1170 1748 Ῡέδει
1196 1703 1412 1748 κωλῦσαι
1437 1697 1522 1761 τὴν
1548 1702 1609 1751 εἷς
1635 1704 1652 1723 ²
1669 1697 1753 1751 τὰς
1765 1723 1804 1754 25

234 1781 416 1843 Πύλας,
456 1783 530 1849 ἐφ’
563 1780 620 1845 ἣν
655 1785 700 1831 αἱ
735 1780 1028 1845 πεντήκοντα
1064 1780 1264 1847 τριήρεις
1301 1781 1458 1843 δόμως
1491 1781 1760 1848 ἐφώρμουν,

231 1862 250 1890 b

131 1884 212 1927 371
267 1864 336 1927 ἵν’,
364 1869 401 1915 εἰ
426 1864 671 1931 πορεύοιτο
699 1865 957 1927 Φίλιππος,
985 1864 1227 1915 εκωλύοιθ’
1257 1866 1397 1928 ὑμεῖς.
1440 1869 1541 1918 πῶς
1575 1865 1658 1915 οὖν
1689 1866 1759 1918 τίς

230 1947 371 2014 τέχνη
409 1946 585 1999 ἀπάλιν
623 1949 681 1998 αὖ
725 1947 976 2013 γενήσεται
1016 1951 1122 2014 περὶ
1166 1947 1370 2011 ταύτης;
1411 1946 1518 2000 τοὺς
1557 1946 1758 2014 χρόνους

232 2033 361 2096 ὑμῶν
385 2032 653 2100 ἀφελέσθαι
688 2034 764 2082 καὶ
791 2034 1072 2095 Εἐπιστῆσαι
1107 2031 1166 2081 τὰ
1197 2030 1458 2097 πράγματα
1484 2031 1756 2097 ἀγαγόντας

289 2232 308 2259 b
330 2234 530 2281 Θετταλῶν]
555 2239 622 2270 τῶν
642 2236 814 2270 θετταλῶν
834 2237 864 2270 Α
880 2237 950 2270 k.s.
1035 2240 1051 2260 0
1071 2233 1289 2280 ἐκρατοῦντο]
1311 2234 1472 2280 ἐκράτουν
1483 2235 1575 2269 Y.O.
1592 2240 1627 2269 et
1648 2247 1699 2280 pr.
1719 2235 1754 2269 S.

235 2285 254 2313 d
273 2288 383 2332 μάχην
405 2288 536 2323 S.Y.O.
568 2290 679 2333 μάχην
697 2304 735 2323 τε
758 2302 792 2323 u.
823 2290 913 2334 μάχῃ
931 2304 967 2322 τε
989 2289 1070 2327 Q.v.
1101 2290 1193 2333 μάχῃ
1213 2288 1331 2333 vulgo.
1444 2293 1459 2313 θ
1482 2287 1611 2334 ἔνεστι]
1637 2289 1756 2322 ἐνεῖναι

234 2356 290 2387 γρ.
312 2341 443 2380 F.S.Q.
595 2339 610 2366 f
627 2343 672 2388 εἶ]
699 2343 727 2376 εἷ
745 2343 790 2386 μὴ
810 2358 865 2388 γρ.
889 2344 974 2381 SQ.
1005 2342 1023 2385 ἢ
1043 2354 1070 2376 r.
1223 2347 1243 2374 g
1261 2340 1466 2386 βοηθήσεθ’]
1491 2340 1706 2385 βοηθήσεσθ’
1726 2354 1754 2376 r.

237 2392 253 2414 ¹¹
273 2394 403 2438 χαίρειν
426 2395 460 2428 S.
489 2395 669 2440 χαιρήσειν
688 2397 792 2430 A.1·.S.
811 2402 846 2430 et
860 2411 915 2442 γρ.
934 2397 968 2429 S.
999 2397 1070 2430 τοῖς
1091 2395 1210 2429 ὅπλοις
1225 2395 1402 2439 χαιρήσειν
1422 2394 1602 2438 δυνήσεται
1622 2396 1657 2428 k.
1687 2396 1759 2430 τοῖς

236 2446 355 2482 ὅπλοις
382 2448 563 2492 δυνήσεται
583 2449 824 2487 F.Q.O.t.u.v.
851 2455 886 2483 et
910 2461 978 2483 ree.
1000 2449 1041 2483 Y.
1070 2449 1129 2494 qui
1148 2448 1253 2482 verba
1278 2449 1349 2482 τοῖς
1374 2448 1495 2483 ὅπλοις
1522 2447 1702 2492 δυνήσεται
1729 2448 1758 2482 εἷ

235 2500 280 2545 μή
301 2515 352 2535 τις
370 2501 406 2534 in
426 2502 531 2535 litura
550 2502 667 2536 habet.
761 2500 770 2527 i
798 2503 984 2547 ψεύσωμαι
1005 2502 1127 2536 Y.O.r.
1160 2501 1360 2547 Legebatur
1374 2500 1564 2546 ψεύσομαι.
1666 2498 1686 2525 k
1713 2499 1752 2547 ἃ]

237 2553 305 2588 ὅσα
325 2554 665 2593 A.F.Q.k.r.S.t.u.v.
804 2553 814 2580 Ῑ
842 2555 1029 2602 βούλομαι]
1063 2554 1242 2598 βούλωμαι
1261 2567 1289 2588 r.
1424 2560 1452 2578 m
1474 2555 1708 2599 διαπράξωμαι
1727 2567 1756 2589 r.

238 2607 439 2653 Legebatur
459 2609 696 2654 διαπράξομαι.
822 2615 841 2634 ¹¹
862 2608 969 2644 οὕτως
984 2621 1054 2643 om.
1076 2609 1190 2643 A.k.s.
1312 2613 1330 2632 0
1349 2605 1407 2653 ἂν]
1432 2607 1490 2641 ἐὰν
1509 2620 1535 2641 r.
1558 2620 1630 2644 om.
1650 2620 1703 2654 pr.
1723 2620 1755 2642 v.

237 2665 258 2694 P
276 2659 490 2707 Ἀθηναίους]
514 2661 678 2706 ἀθηναίων
697 2675 731 2696 u.
886 2670 904 2698 ‘l
932 2661 1163 2707 ἐκδεχόμενοι]
1186 2662 1340 2705 ἐχόμενοι
1361 2662 1395 2695 k.
1427 2661 1603 2705 ἐρχόμενοι
1623 2673 1757 2695 correc-

237 2719 296 2748 tus
315 2714 351 2748 k.
464 2720 478 2738 ¹·
498 2715 576 2750 τοὺς
595 2727 663 2749 om.
687 2716 733 2754 Q.
846 2721 860 2740 S
880 2713 921 2751 ἂν
943 2716 979 2750 S.
1012 2715 1236 2750 scribebatur
1255 2715 1322 2748 ἐάν.
1444 2713 1459 2738 t
1477 2714 1615 2760 ἐλπίσι]
1639 2714 1759 2748 ἐλπίσι

239 2768 292 2801 καὶ
312 2769 384 2802 ταῖς
403 2770 631 2813 παρασκευαῖς
649 2774 749 2804 t.u.v.
859 2775 880 2794 Π
900 2769 1108 2816 ἐπαγωγαῖς]
1133 2769 1328 2813 ὑπαγωγαῖς
1347 2768 1494 2803 A.k.r.s.
1579 2773 1598 2792 X
1620 2765 1759 2813 εὕροντο

241 2820 528 2859 S.Y.Q.O.t.u.v.
560 2822 761 2868 Legebatur
780 2821 909 2868 εὕρετο.
1033 2830 1052 2858 θ’
1072 2823 1141 2856 ἔδει
1163 2823 1198 2856 S.
1232 2821 1432 2867 Legebatur
1450 2821 1518 2855 ἔδει
1537 2821 1622 2865 μετὰ
1641 2823 1757 2855 ταῦτα.

240 2879 258 2897 2
280 2875 338 2909 τὰς
357 2886 426 2908 om.
448 2875 593 2910 A.k.r.s.
677 2881 696 2901 θ·
715 2875 822 2922 ὅμως]
847 2877 936 2920 ὁμῶς
955 2889 982 2910 r.
1012 2877 1120 2920 ὁμόσε
1140 2876 1258 2911 A.k.s.
1345 2873 1360 2895 ὴ
1380 2873 1439 2919 ἵν’]
1462 2873 1501 2917 ἧν
1523 2875 1558 2909 S.
1657 2879 1674 2899 ⁰
1693 2888 1758 2907 κω-

240 2925 366 2974 λύοιθ’]
389 2927 572 2963 κωλύσοιθ’
591 2941 619 2963 r.
730 2925 748 2954 d
769 2930 874 2964 πάλιν
893 2941 963 2964 om.
984 2942 1036 2975 pr.
1059 2929 1096 2963 S.
1209 2935 1224 2953 e
1246 2928 1449 2974 ἐπιστῆσαι]
1474 2930 1659 2962 πιστεῦσαι
1679 2926 1725 2962 Ο.
