1930 3266
242 182 327 224 236
786 183 1212 222 ΔΗΜΟΣΘΕΝΟΎΣ
1312 181 1393 220 On.
1411 179 1592 220 XVIII.
1614 193 1653 234 p.
1675 190 1769 230 224,
1788 193 1827 219 ιο

243 297 388 343 ἀγκύρας
415 298 433 330 ὁ
461 297 573 343 ῥήτωρ
603 298 832 331 κατεπάλαισε
860 298 920 330 τὸν
942 296 1121 336 ἀντίδικον,
1142 296 1274 342 μεθόδῳ
1294 295 1468 337 δεινοτάτῃ
1499 294 1551 328 καὶ
1570 295 1758 339 σοφωτάτῃ
1778 304 1816 326 10

243 365 284 406 τῇ
312 362 389 406 περὶ
419 364 479 395 τοῦ
509 364 696 407 κατηγόρου
725 362 951 406 χρησάμενος·
983 361 1107 395 ἐκεῖθεν
1132 361 1197 405 γὰρ
1223 361 1308 404 ἔσχε
1333 359 1445 402 λαβὴν
1469 360 1558 393 ἔλεῖν
1585 360 1637 393 καὶ
1663 374 1763 394 κατα-

243 426 457 471 γωνίσασθαι
485 427 544 460 τὸν
569 427 746 469 πολέμιον.
775 426 853 461 τοὺς
871 426 932 469 μὲν
951 426 1016 471 γὰρ
1037 425 1164 460 ἄλλους
1184 423 1245 458 δύο
1270 426 1403 467 νόμους,
1425 425 1484 457 τόν
1511 437 1548 457 τε
1573 426 1640 457 τῶν
1659 423 1762 458 ὑπευ-

245 488 353 524 θύνων
373 491 425 523 καὶ
444 491 503 523 τὸν
523 491 583 523 τοῦ
613 488 833 534 κηρύγματος,
855 490 902 524 εἷς
926 490 966 522 τὸ
985 490 1092 532 μέσον
1110 491 1172 522 τοῦ
1198 489 1306 533 λόγου
1326 487 1510 532 ἀπέρριψε,
1533 492 1766 533 στρατηγικῶς
1783 501 1818 532 15

246 554 396 588 ῃκακοὺς
421 553 467 588 εἷς
491 553 600 596 μέσον
626 553 765 590 ἐλάσας,
797 555 844 598 τῷ
871 552 907 585 δέ
940 552 1156 598 ἰσχυροτάτῳ
1181 551 1228 586 εἷς
1257 551 1299 584 τὰ
1325 550 1409 595 ἅκρα
1434 552 1701 595 προσκέχρηται,
1727 551 1768 584 τὸ

247 617 377 661 σαθρὸν
397 621 463 650 τῶν
482 617 597 650 ἄλλων
618 617 655 659 ἐξ
683 617 842 659 ἑκατέροιν
860 615 1000 660 ῥωννύς.
1033 616 1118 648 ἕοικε
1138 615 1174 648 δὲ
1195 615 1245 647 καῖ
1267 615 1405 647 διοικεῖν
1424 615 1509 658 πρὸς
1528 615 1566 646 τὸ
1588 613 1769 658 συμφέρον

246 684 306 716 τὸν
332 684 448 728 λόγον,
474 683 526 715 καὶ
553 682 592 715 οὐ
622 681 763 725 σφόδρα
791 680 933 715 ἀναιδῶς
961 680 1022 722 τὴν
1049 680 1171 723 τέχνην
1197 677 1476 720 ἐπιδεικνύμενος.
1507 678 1614 711 δοκῶν
1640 678 1706 723 γὰρ
1732 678 1768 711 ἐν
1782 687 1823 709 20

246 748 393 791 πρώτοις
421 745 636 789 ὑπερβαίνειν
661 746 700 778 τὸ
727 746 879 787 νόμιμον,
910 744 1013 790 ἑτέρῳ
1036 744 1152 789 τρόπῳ
1182 744 1230 789 τῷ
1256 742 1386 787 νομίμῳ
1417 741 1683 786 προσκέχρηται’
1715 742 1769 775 καὶ

246 811 312 855 γὰρ
339 812 440 852 νόμον
459 810 586 854 ἀνέγνω
610 808 776 852 Αἰσχίνης
802 810 861 840 τὸν
886 808 962 852 περὶ
990 809 1056 840 τῶν
1084 807 1267 851 στεφάνων
1293 805 1418 850 ψευδῆ,
1439 805 1524 849 πρὸς
1551 804 1589 838 ὃν
1612 806 1630 838 ὁ
1656 804 1769 851 ῥήτωρ

247 874 509 918 ἀποκρινόμενος
539 871 612 917 εὗρε
641 873 755 915 καιρὸν
775 872 821 906 εἷς
843 872 952 915 μέσον
971 870 1110 916 ἀγαγεῖν
1129 871 1171 903 τὰ
1191 871 1310 904 ἑαυτοῦ
1339 869 1583 913 πολιτεύματα,
1606 869 1650 905 ὡς
1678 869 1771 913 νομί-
1785 879 1822 911 25
1887 853 1914 883 '³

247 953 299 985 μῳ
325 939 526 982 μαχόμενος.
558 937 611 969 καὶ
636 935 653 979 ἡ
679 936 740 978 μὲν
760 933 925 978 διοίκησις
951 937 1013 968 τοῦ
1041 936 1148 980 λόγου
1174 933 1322 977 τοιαύτη,
1351 935 1538 978 κεφάλαιον
1565 934 1600 968 δὲ
1627 934 1772 979 ι’σχυρὸν

248 1005 296 1049 τῷ
313 1003 374 1046 μὲν
393 1001 539 1046 Αἰσχίνῃ
566 1001 606 1033 τὸ
627 1001 781 1043 νόμιμον,
804 1002 851 1046 τῷ
869 1000 903 1033 δέ
924 999 1040 1044 ῥήτορι
1061 1000 1100 1032 τὸ
1121 999 1260 1037 δίκαιον,
1282 999 1392 1031 κοινὸν
1412 998 1447 1031 δέ
1467 997 1533 1031 άπὸ
1553 1000 1614 1031 τοῦ
1633 996 1713 1031 ἴσου
1732 999 1772 1031 τὸ

249 1066 440 1110 συμφέρον,
472 1065 532 1097 οὐκ
561 1065 640 1108 ἕχον
666 1065 818 1109 φανερὰν
849 1064 908 1107 τὴν
938 1064 1106 1107 ἐξέτασιν.
1137 1062 1156 1106 ἡ
1188 1063 1313 1096 στάσις
1341 1062 1515 1107 ἔγγραφος
1545 1059 1771 1106 πραγματικῆ·

249 1131 327 1175 περὶ
345 1130 449 1175 ῥητοῦ
468 1130 534 1174 γὰρ
555 1129 593 1162 τὸ
614 1119 798 1174 ψήφισμα.
1788 1143 1866 1186 225

303 1195 369 1237 Τῆς
395 1194 430 1227 δέ
450 1194 586 1239 γραφῆς
614 1194 663 1227 ἔτι
690 1192 863 1226 Φιλίππου
890 1194 1013 1235 ζῶντος
1038 1191 1274 1234 άποτεθείσης,
1297 1190 1351 1224 ἐπὶ
1370 1189 1598 1235 Ἀλεξάνδρου
1618 1188 1773 1233 διαδεξα-

250 1259 352 1303 μένου
372 1257 432 1301 τὴν
451 1256 558 1302 ἀρχὴν
578 1258 595 1289 ὁ
615 1258 719 1302 λόγος
746 1257 822 1290 ἐστὶ
848 1257 901 1289 καὶ
920 1256 938 1299 ἡ
959 1255 1080 1300 κρίσις.
1115 1254 1160 1289 ὡς
1177 1254 1243 1299 γὰρ
1270 1253 1414 1287 ἀπέθανε
1441 1252 1610 1288 Φίλιππος
1635 1253 1688 1286 καὶ
1712 1252 1774 1296 τὴν

251 1324 408 1368 φρουρὰν
428 1323 459 1355 οἱ
480 1323 624 1365 Θηβαῖοι
644 1321 891 1366 τεθαρσηκότες
920 1320 1098 1364 ἐξέβαλον,
1121 1319 1138 1351 ὁ
1158 1318 1220 1362 μὲν
1237 1317 1464 1362 Ἀλέξανδρος
1485 1316 1529 1351 ὡς
1557 1317 1770 1361 καταφρονη-
1786 1331 1803 1360 5

251 1387 320 1422 θεὶς
346 1387 405 1422 τὰς
435 1385 551 1429 Θήβας
582 1385 811 1430 κατέσκαψεν,
841 1381 912 1418 εἶτα
940 1383 1128 1429 μεταγνοὺς
1160 1383 1214 1416 ἐπὶ
1246 1383 1292 1428 τῷ
1319 1382 1546 1428 πεπραγμένῳ
1579 1380 1774 1426 ἐξεχώρησε

251 1453 311 1496 τῆς
337 1451 505 1485 Ἑλλάδος
531 1451 777 1495 αἷσχυνόμενος
806 1450 858 1483 καὶ
885 1449 967 1482 κατὰ
991 1450 1057 1481 τῶν
1082 1447 1268 1492 βαρβάρων
1288 1446 1530 1491 ἐστράτευσεν,
1553 1446 1584 1479 οἶ
1612 1445 1648 1478 δέ
1673 1445 1775 1488 Ἀθη-

253 1518 337 1551 ναῖοι
357 1516 472 1560 καιρὸν
491 1516 581 1559 ἔχειν
602 1514 762 1557 ἐνόμισαν
782 1514 891 1558 κρίσει
911 1513 1122 1556 παραδοῦναι
1147 1511 1227 1546 τοὺς
1252 1509 1423 1556 προδότας
1446 1509 1526 1544 τοὺς
1545 1509 1606 1553 τὴν
1623 1508 1776 1543 Ἐλλάδα
1793 1516 1830 1538 10

253 1580 492 1624 ἀδικήσαντας,
515 1579 567 1612 καὶ
588 1577 676 1611 οὕτω
697 1576 926 1623 συνεκροτήθη
947 1577 985 1609 τὸ
1006 1574 1235 1620 δικαστήριον.

260 1714 588 1787 ΠΡΩΤΟΝ
628 1733 726 1796 μὲν,
754 1730 790 1782 ὦ
816 1732 979 1798 ἄνδρες
1011 1733 1268 1795 Ἀθηναῖοι,
1295 1735 1393 1784 τοῖς
1429 1734 1550 1784 θεοῖς
1584 1731 1779 1797 εὔχομαι

254 1824 376 1871 πᾶσι
416 1821 490 1869 καὶ
520 1817 713 1879 πάσαις,
741 1816 862 1879 ὅσην
895 1817 1076 1865 εὔνοιαν
1113 1815 1233 1882 ἔχων
1269 1814 1360 1879 ἐγὼ
1397 1816 1598 1864 διατελῶ
1633 1818 1691 1881 τῇ
1728 1835 1780 1864 τε

253 1903 392 1955 πόλει
429 1905 505 1953 καὶ
541 1907 691 1953 πᾶσιν
718 1902 837 1963 ὑμῖν,
864 1899 1102 1962 τοσαύτην
1142 1897 1350 1966 ὑπάρξαι
1396 1921 1475 1961 μοι
1511 1899 1619 1963 παρ’
1651 1899 1779 1960 ὑμῶν
1794 1906 1875 1947 226

256 1992 318 2042 εἷς
356 1989 540 2038 τουτονὶ
574 1985 657 2036 τὸν
695 1987 871 2050 ἀγῶνα,
911 1983 1049 2034 ἔπειθ’
1093 1982 1117 2032 ὅ
1158 1982 1245 2048 πέρ
1286 1984 1391 2032 ἐστι
1429 1981 1626 2045 μάλισθ’
1663 1979 1780 2048 ὑπὲρ

257 2074 387 2134 ὑμῶν
431 2072 507 2120 καὶ
547 2072 630 2133 τῆς
674 2067 895 2133 ὑμετέρας
940 2067 1180 2128 εὐσεβείας
1224 2089 1274 2116 τε
1318 2069 1392 2116 καὶ
1439 2065 1594 2133 δόξης,
1641 2070 1780 2116 τοῦτο

256 2157 569 2222 παραστῆσαι
609 2153 717 2206 τοὺς
752 2150 884 2205 θεοὺς
919 2153 1039 2214 ὑμῖν,
1072 2150 1137 2214 μὴ
1177 2149 1260 2200 τὸν
1295 2144 1530 2200 ἀντίδικον
1555 2149 1776 2213 σύμβου-

258 2247 346 2291 λον
389 2237 685 2302 ποιήσασθαι
728 2239 834 2303 περὶ
876 2241 960 2286 τοῦ
1010 2239 1111 2287 πῶς
1161 2233 1344 2284 ἀκούειν
1389 2235 1506 2296 ὑμᾶς
1552 2235 1664 2296 ἐμοῦ
1714 2236 1810 2288 δεῖε,

262 2324 508 2391 (σχέτλιον
541 2321 635 2388 γὰρ
671 2319 759 2372 Οᾶν
795 2321 862 2384 ε’ίη
896 2319 1035 2370 τοῦτό
1072 2325 1161 2385 γε),
1194 2317 1326 2368 ἀλλὰ
1360 2315 1466 2371 τοὺς
1504 2315 1674 2380 νόμους
1705 2318 1781 2367 καὶ

258 2406 341 2457 τὸν
384 2405 535 2472 ὅρκον,
582 2405 630 2454 ἐν
674 2401 712 2472 ᾧ
755 2403 874 2469 πρὸς
919 2400 1074 2453 ἅπασι
1113 2406 1209 2454 τοῖς
1251 2402 1420 2454 ἄλλοις
1466 2401 1656 2453 δικαίοις
1705 2401 1782 2450 καὶ

223 2496 398 2542 ατοῦτο
426 2488 704 2554 γέγραπται,
729 2485 784 2536 τὸ
812 2486 981 2548 ὁμοίως
1014 2487 1193 2552 ἀμφοῖν
1227 2485 1602 2550 Ράκροάσασθαι.
1642 2488 1782 2534 τοῦτο

319 2767 338 2787 n
367 2762 486 2796 κακοὺς
506 2760 533 2794 δ’
556 2761 602 2795 εἷς
622 2761 757 2803 μέσσον
777 2759 934 2793 ἐλάσσας
954 2758 1101 2791 Homer.
1124 2756 1167 2791 Il.
1190 2762 1228 2796 Δ,
1248 2765 1336 2802 299.
1367 2754 1487 2790 κακοὺς
1515 2754 1562 2789 εἷς
1580 2753 1782 2788 Wunderli-

264 2815 375 2850 chius.
426 2814 627 2860 Legebatur
647 2813 765 2847 κακοὺς
785 2811 813 2846 δ’
834 2812 893 2851 εἷς,
915 2811 1010 2856 quod
1031 2809 1171 2844 defendi
1190 2815 1308 2854 potest
1332 2808 1360 2842 si
1387 2808 1531 2842 servatis
1551 2807 1635 2853 ipsis
1655 2807 1782 2853 quibus

263 2874 369 2914 poeta
384 2881 468 2901 usus
488 2873 540 2901 est
560 2866 681 2900 formis
695 2866 881 2900 verborum
902 2864 1072 2898 scribatur
1093 2863 1211 2897 κακοὺς
1230 2861 1259 2896 δ’
1280 2862 1327 2896 εἷς
1345 2862 1479 2905 μέσσον
1499 2861 1665 2896 ἐλάσσας.
1694 2872 1781 2906 quo-

265 2932 346 2956 cum
375 2920 568 2966 comparari
599 2925 717 2965 potest
746 2918 784 2953 δέ
812 2919 848 2952 in
878 2919 956 2952 loeo
988 2916 1137 2951 Hesiodi
1167 2916 1261 2961 apud
1291 2915 1570 2949 Demosthenem
1600 2914 1716 2959 ipsum
1746 2925 1782 2959 p.

262 2574 305 2626 δ’
335 2575 465 2624 ἐστὶν
491 2573 544 2622 οὐ
570 2570 714 2635 μόνον
750 2569 804 2620 τὸ
831 2568 895 2633 μὴ
930 2568 1364 2635 προκατεγνωκέναι
1399 2567 1558 2632 μηδὲν,
1585 2567 1690 2618 οὐδὲ
1727 2566 1781 2619 τὸ
1924 2565 1930 2813 ἲ

266 2981 357 3020 417,
379 2972 414 3008 6.
525 2978 543 2998 0
562 2971 603 3007 ἂν
623 2984 692 3007 om.
714 2984 748 3006 u.
872 2976 891 3005 P
909 2970 1146 3016 ἀκροάσασθαι
1167 2969 1204 3004 S.
1234 2968 1424 3014 ἀκροᾶσθαι
1442 2968 1562 3013 vulgo.
1924 2909 1930 3093 ι

1922 3098 1930 3266 Ι
