1882 3250
236 204 291 243 82
754 204 1226 260 [ΔΗΜΟΣΘΕΝΟΎΣ]
1432 204 1507 242 Oa.
1527 201 1629 242 VII.
1652 215 1692 254 p.
1709 206 1777 253 75,
1795 214 1824 240 ι·
1865 195 1869 210 ³

966 448 1022 494 Z.

579 594 769 646 ΠΕΡΙ
828 587 1409 647 ιηΑΛΟΝΝΗΣΟὙ.

879 857 1115 888 ΥΠΟΘΕΣῙΣ.

1859 939 1864 950 .

294 953 402 989 Οὗτος
421 955 439 987 ὁ
459 955 562 1000 λόγος
582 954 808 1001 ἐπιγράφεται
831 955 892 999 μὲν
912 955 989 1001 περὶ
1006 952 1230 998 Ἀλοννῆσου,
1251 954 1339 998 τάχα
1359 954 1395 988 δὲ
1415 952 1597 999 ὀρθότερον
1616 953 1754 1001 ἐπιγρά-
1769 961 1820 1006 75

239 1020 318 1065 φειν
345 1024 369 1038 “
385 1020 470 1065 πρὸς
500 1020 560 1063 τὴν
589 1020 777 1064 ἐπιστολὴν
804 1020 897 1064 Πτὴν
922 1018 1129 1054 Φιλίππου·”
1160 1019 1323 1064 πέπομφε
1348 1019 1415 1065 γὰρ
1439 1019 1525 1063 πρὸς
1553 1018 1631 1053 τοὺς
1655 1016 1755 1062 Ἀθη-

239 1083 351 1119 ναίους
379 1083 567 1127 ἐπιστολὴν
595 1084 673 1129 περὶ
705 1085 848 1118 πολλῶν
877 1084 1129 1130 διαλεγόμενος,
1160 1079 1205 1117 ὧν
1233 1082 1300 1117 og„
1328 1083 1404 1117 ε’στι
1437 1083 1488 1116 καὶ
1517 1083 1557 1116 τὸ
1587 1082 1670 1116 κατὰ
1697 1081 1786 1125 τὴν5

237 1147 462 1191 Ἀλόννησον,
506 1147 578 1191 ἥτις
625 1146 665 1191 ἦν
710 1148 771 1190 μὲν
813 1150 881 1181 τῶν
916 1147 1102 1192 Ἀθηναίων
1142 1147 1283 1193 ἀρχαῖον
1320 1148 1440 1191 κτῆμα,
1478 1147 1562 1181 κατὰ
1603 1147 1639 1180 δέ
1680 1146 1760 1182 τοὺς

240 1211 413 1246 Φιλίππου
451 1212 585 1257 καιροὺς
620 1212 684 1246 ὑπὸ
722 1214 863 1256 λῃστῶν
900 1210 1086 1257 κατείχετο,
1121 1209 1180 1247 οὓς
1214 1212 1369 1252 ἐκβαλὼν
1401 1212 1419 1245 ὁ
1453 1209 1623 1246 Φιλίππος
1659 1209 1759 1244 άπαι·

239 1278 343 1312 τοῦσι
370 1277 432 1321 μὲν
459 1278 530 1312 τοῖς
557 1275 744 1320 Ἀθηναίοις
772 1277 833 1321 τὴν
862 1278 967 1321 νῆσον
992 1277 1052 1311 οὐκ
1080 1275 1290 1310 ἀποδίδωσιν
1317 1273 1456 1321 (ἑαυτοῦ
1484 1277 1551 1322 γὰρ
1577 1271 1664 1309 εἶναι’
1689 1275 1757 1320 φη-

243 1341 334 1388 σιν),
355 1341 523 1376 Ραῖτοῦσι
543 1341 579 1375 δέ
603 1341 819 1386 ὑπισχνεῖται
842 1342 977 1376 δώσειν.
1022 1343 1040 1375 ὁ
1063 1342 1099 1375 δὲ
1124 1343 1229 1386 λόγος
1251 1341 1291 1374 οὐ
1317 1341 1409 1374 δοκεῖ
1434 1355 1492 1383 μοι
1519 1339 1758 1383 Δημοσθένους
1769 1352 1808 1374 10

242 1403 339 1441 εἶναι.
384 1406 483 1450 δηλοῖ
510 1405 579 1440 (ἰδὲ
608 1405 627 1449 ἡ
657 1406 788 1451 φράσις
813 1407 866 1440 καὶ
894 1405 912 1450 ἡ
941 1407 1001 1450 τῆς
1029 1405 1222 1440 συνθέσεως
1251 1404 1406 1450 ἁρμονία,
1437 1405 1528 1439 πολὺ
1556 1405 1616 1438 τὸν
1644 1409 1758 1448 Δημο-

244 1470 400 1505 σθενικὸν
436 1470 627 1514 πεφευγυῖα
665 1467 785 1507 τύπον,
825 1468 1003 1513 Υάνειμένη
1040 1483 1078 1503 τε
1115 1468 1168 1502 καὶ
1205 1468 1428 1512 διαλελυμένη
1464 1468 1557 1514 παρὰ
1593 1467 1654 1512 τὴν
1691 1468 1759 1503 ἰδέ-

243 1550 284 1569 αν
306 1533 428 1568 τούτου
453 1536 514 1568 τοῦ
539 1532 696 1579 ῥήτορος.
737 1533 791 1568 καὶ
815 1533 882 1577 μὴν
907 1534 960 1567 καὶ
984 1533 1024 1567 τὸ
1051 1533 1106 1567 ἐπὶ
1130 1535 1222 1568 τέλει
1245 1532 1346 1578 ῥηθὲν
1368 1533 1408 1567 οὗ
1433 1534 1552 1578 μικρὸν
1576 1531 1761 1579 μαρτύριον
1773 1544 1808 1576 15
1856 1550 1858 1583 s

791 1603 813 1615 Ν
844 1596 859 1608 u

242 1601 303 1633 τοῦ
329 1599 429 1633 νόθον
455 1595 537 1632 εἶναι
563 1599 623 1632 τὸν
649 1599 767 1644 λόγον,
828 1612 922 1643 ειπερ
941 1597 1035 1642 ὑμεῖς
1054 1599 1114 1631 τὸν
1134 1599 1327 1644 ἐγκέφαλον
1346 1599 1382 1632 ἐν
1403 1599 1475 1633 τοῖς
1500 1598 1685 1643 κροτάφοις
1710 1598 1764 1632 καὶ

245 1669 269 1682 “
290 1663 335 1707 μὴ
368 1663 403 1697 ἐν
435 1665 508 1698 ταῖς
540 1663 698 1709 πτέρναις
731 1661 1049 1706 καταπεπατημένον
1081 1661 1256 1708 φορεῖτε.”
1303 1663 1320 1696 ὁ
1353 1663 1414 1707 μὲν
1446 1662 1513 1708 γὰρ
1546 1661 1768 1705 Δημοσθένης

244 1725 342 1762 εἴωθε
367 1726 541 1773 παρρησίᾳ
564 1726 728 1771 χρῆσθαι,
749 1728 851 1760 τοῦτο
871 1725 907 1760 δὲ
928 1725 1025 1772 ὕβρις
1044 1726 1121 1761 ε’στὶ
1145 1728 1198 1761 καὶ
1223 1727 1377 1773 λοιδορία
1401 1725 1525 1772 μέτρον
1544 1726 1603 1760 οὐκ
1621 1727 1765 1770 ἔχουσα.

244 1791 396 1826 εὖτέλειά
420 1805 456 1825 τε
483 1791 573 1838 αὐτῷ
598 1790 688 1834 δεινὴ
711 1789 883 1837 πρόσεστι
908 1792 991 1825 κατὰ
1013 1792 1074 1836 τὴν
1093 1790 1281 1837 ἑρμηνείαν.
1324 1792 1409 1838 πρὸς
1428 1791 1464 1825 δέ
1482 1790 1617 1826 τούτοις
1636 1791 1689 1825 καὶ
1708 1793 1761 1826 εὔ·
1777 1804 1817 1827 20

244 1856 322 1900 ηθες
351 1856 416 1889 Βτὸ
445 1854 590 1900 νομίζειν
620 1855 655 1889 ἐν
684 1856 756 1890 τοῖς
788 1856 973 1901 κροτάφοις
1005 1856 1096 1900 ἔχειν
1125 1856 1204 1892 τοὺς
1235 1856 1433 1901 ἀνθρώπους
1465 1855 1525 1889 τὸν
1553 1854 1761 1900 ἐγκέφαλον.

245 1921 473 1955 ὑπώπτευσαν
493 1919 529 1954 δὲ
548 1920 603 1953 καὶ
622 1920 653 1953 οἱ
674 1918 906 1966 πρεσβύτεροι
925 1920 985 1953 τὸν
1003 1921 1110 1966 λόγον
1131 1919 1174 1955 ὡς
1194 1920 1234 1954 οὐ
1253 1922 1314 1954 τοῦ
1333 1919 1488 1966 ῥήτορος.
1527 1919 1580 1953 καὶ
1603 1918 1764 1964 πεφωρά-

246 1984 325 2019 κασί
352 1985 395 2031 γέ
422 1999 510 2019 τινες
539 1983 620 2018 ὅντα
645 1983 870 2030 Ἡγησίππου
900 1984 953 2018 καὶ
981 1983 1048 2018 ἀπὸ
1076 1985 1137 2028 τῆς
1165 1984 1256 2019 ἰδέας
1283 1987 1350 2018 τῶν
1377 1985 1492 2030 λόγων
1519 1982 1673 2029 (τοιαύτῃ
1699 1983 1765 2029 γὰρ
1778 1997 1816 2030 25

246 2049 421 2095 κέχρηται)
457 2050 510 2083 καὶ
543 2048 610 2083 ἀπὸ
643 2051 710 2082 τῶν
746 2049 967 2094 πραγμάτων·
1010 2048 1094 2082 κατὰ
1125 2045 1361 2082 1ῑΚαλλίππου
1392 2048 1459 2094 γὰρ
1489 2049 1549 2082 τοῦ
1581 2048 1766 2082 Παιανιέως
1779 2048 1830 2101 76

247 2115 356 2160 φησὶν
385 2115 403 2148 ὁ
433 2115 493 2148 τὸν
521 2115 628 2160 λόγον
654 2114 839 2159 γεγραφὼς
868 2112 1110 2157 ἀπενηνοχέναι
1138 2112 1277 2158 γραφὴν
1304 2110 1520 2158 παρανόμων,
1547 2111 1705 2157 φαίνεται
1729 2111 1767 2145 δὲ

248 2179 312 2223 οὐχ
338 2180 356 2212 ὁ
383 2178 615 2222 Δημοσθένης,
640 2176 719 2211 ἀλλ’
746 2179 764 2211 ὁ
788 2176 1012 2223 (Ηγὴσιππος
1037 2176 1099 2220 τὴν
1123 2176 1207 2211 κατὰ
1232 2178 1293 2210 τοῦ
1320 2174 1526 2210 Καλλίππου
1550 2176 1689 2221 γραφὴν
1715 2176 1767 2210 ε’ν-

249 2243 477 2287 στησάμενος.
530 2243 567 2286 νὴ
599 2242 674 2280 Δία,
706 2241 785 2275 ἀλλ’
814 2243 832 2274 ὁ
863 2243 968 2287 λόγος
999 2239 1230 2285 συμβουλεύει
1259 2240 1338 2285 περὶ
1367 2241 1426 2284 τῆς
1453 2239 1668 2284 ἲΑλοννὴσου
1698 2242 1796 2286 τοῖς5

248 2306 438 2351 Ἀθηναίοις
465 2307 510 2351 μὴ
539 2307 728 2351 λαμβάνειν
752 2306 867 2350 αὐτὴν,
895 2305 972 2339 ἀλλ’
997 2305 1263 2350 ἀπολαμβάνειν,
1291 2305 1344 2339 καὶ
1371 2305 1570 2350 διαφέρεται
1596 2305 1674 2351 περὶ
1702 2308 1770 2340 τῶν

250 2371 436 2416 ὀνομάτων,
467 2374 574 2405 ταῦτα
603 2371 640 2405 δὲ
670 2369 836 2415 Αἰσχίνης
865 2370 956 2414 φησὶ
989 2370 1049 2403 τὸν
1082 2368 1301 2413 Δημοσθένην
1334 2368 1668 2413 συμβεβουλευκέναι
1699 2371 1771 2406 τοῖς

249 2436 450 2480 Ἀθηναίοις.
504 2432 574 2469 εἶτα
605 2435 639 2469 τί
670 2437 795 2474 τοῦτο;
835 2432 971 2467 δύναται
1004 2433 1070 2479 γὰρ
1100 2434 1160 2477 τὴν
1192 2433 1296 2478 αὐτὴν
1328 2433 1535 2477 πεποιῆσθαι
1566 2434 1770 2479 συμβουλὴν
1785 2443 1822 2466 ῐο
1857 2439 1859 2442 “

250 2502 303 2535 καὶ
332 2501 550 2545 Δημοσθένης
583 2500 637 2533 καὶ
667 2498 901 2545 Ἡγήσιππος,
933 2498 1005 2532 ἐπεὶ
1039 2499 1093 2532 καὶ
1124 2499 1166 2532 τὰ
1198 2499 1290 2532 ἅλλα
1322 2499 1382 2541 τῆς
1413 2497 1516 2542 αὐτῆς
1546 2497 1634 2541 ἦσαν
1666 2498 1702 2533 ἐν
1731 2500 1773 2542 τῇ

249 2564 406 2610 πολιτείᾳ
439 2567 670 2610 προαιρέσεως
708 2564 761 2597 καὶ
797 2564 869 2598 τοῖς
902 2561 1148 2608 φιλιππίζουσι
1184 2565 1251 2596 τῶν
1283 2562 1436 2609 ῥητόρων
1469 2561 1664 2609 ἀντέλεγον.
1717 2564 1772 2597 καὶ

249 2631 412 2675 μέμνηται
438 2630 491 2664 καὶ
517 2630 535 2662 ὁ
562 2628 782 2673 Δημοσθένης
807 2629 869 2661 τοῦ
893 2626 1118 2674 Ἡγησίππου
1145 2628 1188 2663 ὡς
1211 2629 1264 2662 καὶ
1289 2625 1573 2674 πρεσβεύσαντος
1597 2627 1670 2672 μεθ’
1695 2629 1770 2663 ἑαυ-
1785 2641 1819 2674 15
1848 2614 1850 2618 ·

249 2697 311 2729 τοῦ
340 2695 393 2729 καὶ
421 2693 681 2739 ἀντιταχθέντας
709 2694 757 2740 τῷ
785 2692 965 2726 Μακεδόνι.
1010 2692 1115 2736 δῆλον
1144 2690 1202 2726 οὖν
1231 2691 1282 2726 ὅτι
1311 2693 1329 2725 ὁ
1358 2691 1419 2735 μὲν
1445 2694 1506 2726 τοῦ
1533 2691 1772 2737 Δημοσθένους

303 2854 335 2873 ¹1¹
358 2848 654 2894 AAONNHSOY]
682 2845 880 2890 ἀλλονῆσου
899 2847 982 2880 AS.
1016 2846 1210 2890 ἀλοννὴσου
1230 2847 1269 2881 F.
1382 2852 1401 2871 Β
1420 2845 1482 2890 τὴν
1501 2844 1690 2892 Φιλίππου]
1711 2846 1772 2879 τοῦ

250 2900 423 2946 φιλίππου
445 2901 489 2936 Ο.
574 2907 592 2927 0
612 2901 646 2935 ἕν
666 2913 736 2935 om.
757 2913 809 2946 pr.
828 2899 872 2934 Ο.
962 2906 982 2934 P
1002 2900 1154 2948 αἰτοῦσι]
1179 2899 1308 2934 ἀποῦσι
1329 2900 1369 2936 F.
1455 2905 1474 2933 q
1495 2899 1548 2946 δὲ]
1574 2900 1610 2934 δέ
1631 2900 1684 2933 καὶ
1701 2911 1771 2937 u.v.

250 2960 265 2979 Γ
284 2953 737 2999 ἀνειμένη-διαλελυμένη]
762 2953 1236 2997 ἀνειμένον-διαλελυμένον
1256 2954 1296 2988 F.
1405 2958 1420 2978 ⁵
1440 2954 1479 2987 τὸ
1500 2954 1646 2997 νομίζειν
1663 2952 1706 2988 Y.
1740 2965 1773 2985 τι

249 3008 417 3053 νομίζεται
438 3011 478 3042 τό
498 3009 615 3055 vulgo.
718 3006 732 3032 t
754 3006 1240 3054 Καλλίππου-Καλλίππου]
1266 3005 1665 3042 καλίππου--καλίππου
1684 3006 1727 3040 Y.
