1882 3250
246 160 328 200 148
786 159 1247 214 [ΔΗΜΟΣΘΕΝΟΎΣ]
1455 158 1538 197 οη.
1564 158 1622 198 X.
1645 172 1686 211 p.
1708 156 1800 210 138,
1822 172 1832 197 1
1855 202 1859 213 .

242 273 557 340 παρελήλυθε,
593 273 678 338 τὴν
717 273 765 324 δὲ
805 278 899 324 τῶν
939 273 1122 324 δούλων
1159 271 1449 339 ἀπεύχεσθαι
1493 269 1643 335 δήπου
1686 270 1750 335 μὴ

243 354 464 419 γενέσθαι
491 359 570 406 δεῖ.
615 355 821 424 διαφέρει
857 353 905 404 δὲ
929 356 978 404 τί
993 376 1004 414 ;
1046 354 1115 405 ὅτι
1145 356 1274 404 ἐστὶν
1301 352 1526 421 ἐλευθέρῳ
1553 353 1637 416 μὲν
1662 355 1748 404 ἀν-

242 438 415 509 θρώπῳ
453 441 655 505 μεγίστη
682 438 862 505 ἀνάγκη
889 439 917 502 ἡ
952 438 1065 504 ὑπὲρ
1100 443 1194 489 τῶν
1219 437 1507 503 γιγνομένων
1533 436 1803 504 αἱσχύνη,αο

241 524 317 572 καὶ
353 524 491 588 μείζω
535 523 705 588 ταύτης
748 525 830 574 οὐκ
875 521 956 573 οἶδ’
1004 522 1164 586 ἥντινα
1208 520 1266 572 ἂν
1309 521 1427 572 εἴποι
1465 539 1549 575 τις·
1593 521 1750 590 δούλῳ

241 604 290 656 δὲ
315 609 498 672 πληγαὶ
533 608 609 656 καὶ
635 608 660 656 ὁ
693 613 775 657 τοῦ
802 607 1025 670 σώματος
1061 605 1292 669 αἰκισμὸς,
1317 613 1335 631 V
1357 604 1386 655 ἃ
1419 604 1536 669 μήτε
1569 605 1749 670 γένοιτο

241 690 344 740 οὔτε
371 690 526 755 λέγειν
552 690 701 758 ἄξιον.

171 793 226 833 32
314 772 385 824 Τὸ
410 772 495 836 μὲν
532 774 737 835 Χτοίνυν,
763 771 800 822 ὦ
832 773 994 838 ἄνδρες
1029 773 1284 836 Ἀθηναῖοι,
1309 772 1429 837 πρὸς
1466 771 1525 823 τὰ
1559 777 1750 822 τοιαῦτα

239 859 444 923 ὀκνηρῶς
479 860 752 920 διακεῖσθαι,
786 857 818 907 ἂ
855 860 926 907 δεῖ
956 861 1052 910 τοῖς
1089 856 1285 919 σώμασι
1324 859 1398 908 καὶ
1441 861 1577 910 Υταῖς
1610 856 1742 907 οὐσί-
1761 881 1799 912 25

238 964 310 994 αις
335 944 672 1007 λειτουργῆσαι
710 942 925 1003 ἕκαστον,
951 942 1053 990 ἐστὶ
1078 939 1162 1003 μὲν
1189 941 1272 990 οὐκ
1310 941 1460 1006 ὀρθῶς
1498 941 1620 1008 ἕχον,
1647 939 1749 991 οὐδὲ
1868 954 1882 1003 ,“

235 1031 425 1076 πολλοῦ
467 1027 547 1088 δεῖ,
593 1026 646 1076 οὐ
691 1024 784 1089 μὴν
829 1024 943 1075 ἀλλ’
992 1023 1084 1090 ε”χει
1134 1022 1275 1074 Ζτινοὶ
1319 1022 1567 1092 πρόφασιν
1611 1024 1748 1087 ὅμως·
1868 1031 1873 1086 ἓ

235 1108 289 1159 τὸ
341 1108 390 1160 δὲ
439 1110 545 1173 μηδ’
599 1108 671 1160 ὅσ’
719 1111 919 1160 ἀκοῦσαι
970 1111 1041 1159 δεῖ
1085 1108 1189 1171 μηδ’
1244 1106 1339 1158 ὅσα
1387 1108 1750 1169 βουλεύσασθαι
1868 1119 1873 1162 ῐ

235 1192 479 1259 προσήκει,
520 1191 637 1257 μηδὲ
675 1193 804 1244 ταῦτ’
847 1191 1022 1243 ἐθέλειν
1060 1190 1256 1254 ἀκούειν,
1293 1197 1420 1243 τοῦτ’
1460 1192 1548 1256 ἤδη
1585 1197 1751 1243 πᾶσαν
1870 1186 1872 1194 .

169 1294 221 1334 33
237 1276 495 1344 ἐπιδέχεται
539 1277 838 1342 κατηγορίαν.
883 1277 1008 1339 ὑμεῖς
1047 1276 1202 1326 τοίνυν
1243 1276 1361 1326 ὃοῦκ
1403 1275 1598 1339 ἀκούειν,
1639 1266 1874 1354 πρῖν139Ξ

237 1360 296 1412 ἂν
333 1359 496 1427 ὥσπερ
531 1366 613 1412 νῦν
651 1360 770 1411 αὐτὰ
813 1364 941 1427 παρῇ
975 1359 1035 1410 τά
1068 1359 1339 1426 πράγματα,
1374 1358 1513 1428 Ιὀὐχὶ
1545 1361 1744 1422 βουλεύ-

237 1449 374 1496 εσθαι
414 1447 520 1511 περὶ
558 1443 743 1497 οὐδενὸς
777 1444 954 1494 εἰώθατ’
995 1445 1066 1512 ἐφ’
1110 1444 1325 1511 ἡσυχίας·
1365 1445 1474 1495 ἀλλ’
1517 1446 1629 1497 ὅταν
1664 1445 1750 1508 μὲν

1570 1526 1589 1554 d

236 1530 404 1582 ἐκεῖνος
441 1526 890 1594 οπαρασκευάζηται,
916 1526 1241 1591 ἀμελήσαντες
1276 1532 1359 1578 τοῦ
1396 1533 1544 1578 ποιεῖν
1605 1528 1777 1580 ταύτὸε

236 1614 311 1662 καὶ
362 1610 907 1678 ἀντιπαρασκευάζεσθαι
957 1614 1217 1680 ῥᾳθυμεῖτε,
1268 1613 1344 1662 καὶ
1394 1618 1410 1637 ‘³
1430 1612 1488 1662 ἄν
1536 1635 1580 1664 τι
1630 1614 1751 1682 λέγῃ

234 1803 376 1844 μενον
400 1803 445 1830 τι
470 1780 702 1845 πύθησθε,
729 1787 750 1815 g
764 1781 997 1844 τηνικαῦτ’
1026 1782 1262 1847 ἀκροᾶσθε
1279 1779 1300 1806 ²¹
1332 1782 1407 1831 καὶ
1440 1780 1744 1847 παρασκευά-

167 1882 223 1922 34
236 1864 388 1931 ζεσθε.
430 1862 487 1928 ἧν
515 1865 552 1913 δ’
581 1863 824 1928 ἀκηκοέναι
857 1863 943 1927 μὲν
977 1866 1052 1914 καὶ
1090 1863 1099 1890 i
1109 1868 1461 1926 βεβουλεῦσθαι
1497 1864 1603 1915 τότε
1641 1888 1746 1916 και-

234 1948 328 2015 ρὸς,
357 1948 423 1999 ὅθ’
453 1949 579 2011 ὑμεῖς
606 1948 688 1998 οὐκ
714 1946 734 1972 k
751 1947 954 2011 ἠθέλετε,
982 1947 1203 2015 πράττειν
1235 1947 1283 1999 δὲ
1309 1951 1384 1998 καὶ
1411 1952 1620 2015 χρῆσθαι
1653 1955 1748 2004 τοῖς
1764 1973 1805 1994 10

734 2030 744 2057 1

1870 1383 1873 1421 Ι

1870 1463 1873 1485 ἰ

1870 1592 1874 1618 ι

235 1719 318 1759 τις,
369 1694 667 1759 ςέκβάλλετε,
731 1694 916 1747 ἐπειδὰν
973 1697 1010 1745 δ’
1065 1694 1319 1749 ἀπολωλὸς
1379 1694 1409 1760 ἢ
1462 1696 1744 1763 πολιορκού-
1870 1702 1874 1762 Q

1870 1793 1874 1828 ἱ

1871 1881 1874 1931 ff

762 2037 856 2094 νῦν,
889 2032 1003 2096 ἡνίκ’
1033 2032 1237 2084 ἀκούετε.
1279 2038 1529 2098 τοιγαροῦν
1567 2035 1616 2085 ἐκ
1654 2039 1750 2086 τῶν
1871 2030 1874 2083 ί

1872 2107 1874 2126 Ι

1871 2139 1874 2160 Ι

234 2032 696 2100 παρεσκευασμένοις

234 2125 265 2144 ¹¹³
281 2116 503 2169 τοιούτων
529 2118 648 2168 ἐθῶν
673 2115 807 2180 μόνοι
832 2121 927 2167 τῶν
951 2115 1142 2168 πάντων
1168 2116 1431 2183 ἀνθρώπων
1458 2118 1582 2181 ὑμεῖς
1617 2125 1637 2144 ¹¹
1653 2124 1752 2172 τοῖς

235 2201 406 2255 ἄλλοις
444 2201 714 2252 τούναντίον
750 2205 939 2252 ποιεῖτε·
981 2204 1023 2251 οἱ
1058 2199 1142 2264 μὲν
1176 2199 1270 2267 γὰρ
1310 2200 1487 2251 0ἄλλοι
1523 2201 1617 2268 πρὸ
1655 2207 1751 2253 τῶν

289 2402 304 2418 v
324 2395 344 2430 ἂ
365 2397 406 2430 A.
428 2403 463 2431 et
478 2409 512 2442 p.
535 2407 619 2436 102,
644 2406 703 2430 20.
735 2395 935 2441 Legebatur
954 2393 983 2429 ὅ.
1086 2401 1103 2417 ³<
1125 2395 1255 2441 τοίνυν]
1280 2393 1340 2428 οῦν
1358 2395 1471 2430 τοίνυν
1491 2396 1536 2431 Ο.
1640 2403 1658 2431 y
1677 2399 1750 2434 ταῖς
1872 2367 1882 2482 l

235 2451 367 2486 οὐσίαις
389 2450 426 2486 S.
455 2450 527 2484 τοῖς
546 2447 625 2482 οὖσι
645 2449 762 2494 vulgO.
875 2454 893 2473 Ζ
913 2450 988 2482 τινὰ
1008 2448 1089 2483 A.S.
1122 2449 1321 2495 Legebatur
1340 2450 1381 2494 γέ
1399 2463 1485 2484 τινα.
1594 2457 1612 2477 a
1631 2451 1690 2485 οὐκ
1711 2451 1748 2485 S.
1872 2458 1874 2493 J

276 2510 292 2526 κ
1870 2511 1874 2529 1

234 2536 303 2572 οὐτ’
325 2538 364 2572 F.
396 2537 595 2583 Legebatur
615 2535 697 2570 οὔτ’.
771 2532 792 2560 b
813 2536 890 2581 οὐχὶ
909 2547 961 2581 pr.
985 2535 1021 2569 S.
1056 2535 1255 2581 Legebatur
1270 2537 1361 2579 οὔτε,
1378 2536 1473 2582 quod
1492 2536 1598 2570 habet
1619 2548 1688 2571 rec.
1711 2538 1746 2571 S.
1871 2543 1874 2586 ᾖ

234 2629 250 2648 ⁰
269 2623 577 2670 παρασκευάζηται]
599 2623 892 2668 παρασκευάζηται
912 2619 967 2666 ἐφ’
990 2621 1074 2666 ὑμᾶς
1093 2621 1305 2658 F.Y.O.u.v.
1417 2619 1435 2649 d
1456 2623 1559 2657 ταυτὸ
1581 2622 1615 2656 S.
1645 2600 1750 2657 τὲῦτὸ
1870 2592 1874 2635 ι

1401 2680 1414 2696 Ε

234 2711 274 2746 F.
302 2713 407 2745 ταῦτα
426 2711 469 2744 Α.
539 2715 555 2734 e
575 2706 615 2743 ἂν
637 2710 672 2743 S.
704 2709 761 2743 ἐὰν
780 2709 898 2755 vulgo.
957 2705 972 2732 f
989 2708 1193 2754 ἐκβάλλετε]
1217 2709 1421 2750 ἐκβάλλεται
1441 2709 1484 2744 Y.
1542 2715 1562 2742 g
1581 2708 1748 2753 τηνικαῦτ’

233 2776 302 2798 om.
325 2764 360 2798 S.
469 2761 490 2788 h
510 2764 562 2797 καὶ
581 2763 878 2808 παρασκευάζεσθε
898 2762 932 2795 in
951 2761 1108 2807 margine
1128 2762 1171 2796 Y.
1276 2759 1286 2786 i
1304 2761 1576 2808 βεβουλεῦσθαι]
1599 2761 1746 2804 βουλεύ-

233 2818 329 2852 εσθαι
349 2818 390 2851 Α.
503 2815 519 2838 k
542 2815 679 2860 ἠθέλετε
698 2816 782 2851 A.S.
813 2815 1004 2860 ἠθελήσατε
1022 2816 1140 2861 vulgo.
1252 2813 1262 2840 Ῑ
1283 2818 1341 2850 νῦν
1361 2828 1429 2851 om.
1451 2817 1493 2850 A.
1589 2820 1615 2837 ¹¹¹
1636 2814 1748 2850 τοιού-

231 2885 298 2904 των
318 2883 387 2905 om.
408 2871 450 2904 A.
590 2877 609 2896 ¹¹
630 2871 700 2905 τοῖς
719 2869 840 2904 ἅλλοις
859 2868 1070 2915 τούναντίον]
1093 2869 1289 2903 τούναντίον
1307 2870 1378 2905 τοῖς
1393 2869 1513 2904 ἄλλοις
1532 2869 1745 2906 F.Y.O.u.V.

230 2927 245 2943 ⁰
265 2923 386 2969 ἄλλοι]
411 2923 511 2957 ἄλλοι
531 2924 654 2958 πάντες
673 2923 842 2969 ἅνθρωποι
862 2922 1070 2958 A.F.O.u.v.
