1882 3250
1820 0 1850 53 ,ἶ
1863 74 1865 78 ⁴

188 176 273 214 210
752 179 1179 216 ΔΗΜΟΣΘΕΝΟΎΣ
1386 176 1469 214 ορ..
1495 175 1593 215 xv.
1615 189 1656 229 p.
1678 185 1771 229 197,
1789 191 1821 219 a.

189 287 282 352 πρὸ
334 289 468 350 ἡλίου
510 286 698 340 ι)δυ’ντος
749 287 1160 347 ἀπαλλάττωνται,
1211 287 1464 347 πολεμίους
1514 286 1698 350 κρίνειν.

126 385 177 424 28
191 368 266 420 εἶτ’
296 371 378 419 οὐκ
413 369 626 436 αἰσχρὸν,
654 368 690 419 ὦ
725 370 888 434 ἄνδρες
916 374 1172 432 Ἀθηναῖοι,
1200 373 1237 418 εὶ
1273 368 1327 418 τὸ
1359 368 1442 431 μὲν
1472 369 1703 433 Ἀργείων

189 456 373 515 πλῆθος
400 454 482 502 οὐκ
509 454 724 520 ἐφοβήθη
750 452 836 515 τὴν
865 453 1243 514 Λακεδαιμονίων
1270 451 1420 518 ἀρχὴν
1445 454 1493 501 ἐν
1517 453 1701 504 ἐκείνοις
1720 471 1756 492 ¹0

189 540 284 587 τοῖς
311 540 484 598 καιροῖς
505 535 608 584 οὐδὲ
635 533 719 597 τὴν
739 534 914 600 ῥώμην,
936 535 1087 595 οὑμεῖς
1114 535 1151 583 δ’
1174 533 1302 587 ὅντες
1323 535 1565 595 Ἀθηναῖοι
1584 532 1703 598 βάρ-

126 641 176 682 29
190 622 340 681 βαρον
382 618 645 681 ἄνθρωπον,
685 618 760 665 καὶ
804 621 953 665 ταῦτα
995 621 1202 680 γυναῖκα,
1248 614 1589 682 ἀφοβήσεσθες
1630 618 1704 666 καὶ

189 699 283 762 μὴν
310 703 351 749 οἱ
385 699 469 760 μὲν
508 699 680 764 Εὲχοιεν
715 697 772 747 ἂν
805 702 946 748 εἰπεῖν
981 698 1052 748 ὅτι
1084 696 1320 750 πολλάκις
1359 698 1579 760 ἥττηνται
1615 697 1705 748 ὑπὸ

191 782 582 843 Λακεδαιμονίων,
619 781 744 840 ὑμεῖς
784 779 832 829 δὲ
867 779 1129 842 νενικήκατε
1166 779 1251 841 μὲν
1284 779 1518 831 πολλάκις
1553 784 1701 838 βασι·
1722 792 1756 822 ¹5

239 864 251 879 f
328 864 349 879 es
587 863 597 877 ν
625 860 639 887 f
683 863 692 876 ›
728 863 737 876 ⁹
777 860 797 877 et
1006 863 1028 880 ‚f
1055 863 1064 877 a
1134 863 1144 875 e
1191 860 1204 875 x
1320 861 1331 876 ι
1464 860 1470 865 ·
1522 865 1542 874 Α

190 870 289 924 λεα,
318 866 524 926 ηττησθε
560 865 587 912 δ
644 864 728 911 ουδ
768 861 902 928 απαξ
937 866 1055 911 ἕουθ
1094 860 1212 911 ὴυπο
1248 864 1433 911 δουλων
1463 868 1574 911 ιτων
1608 865 1701 920 βα-

191 946 364 998 σιλέως
389 945 509 995 koifr'
539 946 680 994 αὐτοῦ
707 945 894 995 ἐκείνου·
939 948 976 994 εὶ
1003 943 1097 1010 γάρ
1123 945 1172 994 τί
1200 943 1308 995 1που
1340 943 1590 1008 κεκράτηκε
1625 946 1709 1006 τῆς

192 1026 376 1080 πόλεως
401 1025 645 1088 βασιλεὺς,
671 1025 700 1089 ὴ
726 1026 834 1079 τοὺς
858 1026 1206 1090 πονηροτάτους
1234 1029 1328 1075 τῶν
1353 1024 1606 1087 Ἑλλήνων
1632 1026 1709 1074 καὶ

193 1108 427 1174 προδότας
465 1110 618 1158 αὐτῶν
653 1107 867 1175 χρήμασι
905 1109 1073 1161 πείσας
1112 1107 1140 1171 ἢ
1180 1108 1393 1169 οὐδαμῶς
1434 1106 1596 1158 ἄλλως
1628 1129 1702 1156 κε-

126 1191 435 1257 3οκράτηκεν.
476 1193 551 1241 καὶ
591 1191 694 1241 οὐδὲ
732 1196 896 1241 mrofir’
925 1193 1050 1259 αὐτῷ
1076 1189 1401 1256 συνενήνοχεν·
1445 1191 1581 1239 “οἰλλ’
1610 1187 1760 1252 ἅμαῖο

196 1273 415 1340 εὑρήσετε
443 1273 583 1324 αὑτὸν
609 1273 694 1336 τήν
720 1297 769 1324 τε
796 1272 965 1324 Οπόλιν
991 1273 1095 1323 Ρδιά
1123 1273 1504 1334 Λακεδαιμονίων
1530 1274 1707 1335 ἀσθενῆ

195 1356 465 1421 ποιήσαντα
500 1359 575 1406 καὶ
611 1359 715 1422 περὶ
754 1360 836 1420 τῆς
875 1358 1016 1407 αὑτοῦ
1050 1357 1300 1416 βασιλείας
1345 1354 1711 1405 κινδυνεύσαντα

196 1440 314 1508 πρὸς
363 1442 615 1508 Κλέαρχον
657 1443 732 1491 καὶ
775 1445 951 1506 Κῦρον.
991 1442 1083 1491 οὔτ’
1125 1441 1206 1490 οὖν
1247 1442 1334 1490 (Ᾰέκ
1377 1444 1582 1507 φανεροῦ
1627 1461 1706 1490 κε·
1871 1472 1876 1529 ι

128 1524 436 1593 3ικράτηκεν,
476 1524 574 1574 οὔτ’
618 1526 954 1584 ἐπιβουλεῦσαι
994 1523 1304 1589 συνενήνοχεν
1348 1523 1489 1590 αὐτῷ.
1532 1523 1626 1587 ὁρῶ
1667 1523 1705 1572 δ’
1720 1539 1759 1571 ²5
1880 1555 1882 1588 !

198 1610 326 1671 ὑμῶν
351 1608 496 1660 ἐνίους
532 1607 776 1657 Φιλίππου
801 1605 886 1669 μὲν
912 1609 974 1659 ὡς
1000 1607 1068 1671 ἄρ’
1097 1604 1280 1658 οὐδενὸς
1307 1605 1440 1672 ἀξίου
1473 1603 1710 1657 πολλάκις
1880 1606 1882 1610 ’

196 1693 556 1757 ὀλιγωροῦντας,
583 1690 792 1750 βασιλέα
825 1691 861 1740 δ’
891 1692 953 1742 ὡς
980 1689 1178 1756 ἰσχυρὸν
1203 1687 1372 1755 ἐχθρὸν
1399 1687 1465 1741 οἷς
1491 1686 1548 1738 ἂν
1572 1687 1712 1750 προέ-

197 1782 339 1838 ληται
378 1773 716 1840 φοβουμένους.
757 1777 793 1823 εἰ
827 1772 897 1823 ιβδὲ
923 1771 1006 1822 τὸν
1031 1772 1115 1835 μὲν
1142 1774 1201 1824 ὡς
1230 1775 1420 1839 φαῦλον
1445 1772 1527 1821 οὐκ
1566 1772 1706 1833 8οἰμυ-

198 1856 414 1920 νούμεθα,
442 1860 507 1925 τῷ
540 1856 588 1906 δὲ
625 1858 686 1909 ὡς
726 1859 918 1923 φοβερῷ
955 1854 1093 1906 πάνθ’
1125 1856 1386 1923 ὑπείξομεν,
1413 1853 1531 1919 πρὸς
1568 1853 1805 1917 τίνας,193

198 1939 235 1991 ὦ
261 1941 424 2006 ἅνδρες
450 1942 704 2004 Ἀθηναῖοι,
731 1939 1101 2007 παραταξόμεθα
1124 1960 1136 2001 3

131 2054 185 2097 32
274 2027 388 2074 Εἰσὶ
424 2023 503 2073 ἴδέ
531 2045 665 2085 τινες,
691 2020 757 2072 “ὦ
783 2022 945 2088 ἄνδρες
971 2024 1225 2086 Ἀθηναῖοι,
1251 2025 1363 2087 παρ’
1392 2022 1529 2084 Χὺμῖν
1563 2021 1710 2072 δεινό-

199 2129 330 2157 τατοι
363 2105 449 2156 Υτοὶ
484 2107 636 2156 δίκαια
670 2105 825 2170 λε’γειν
863 2105 977 2171 ὑπὲρ
1013 2110 1108 2155 τῶν
1132 2105 1299 2155 ἄλλων
1336 2102 1455 2170 πρὸς
1489 2105 1621 2166 ὑμᾶς,
1647 2103 1715 2159 οἷς

198 2190 529 2256 παραινέσαιμ’
558 2188 617 2239 ἂν
643 2189 790 2253 ἔγωγε
830 2194 1060 2239 τοσοῦτον
1085 2188 1244 2253 μόνον,
1273 2186 1385 2254 ὑπὲρ
1415 2188 1571 2249 Ζὑμῶν
1595 2185 1715 2253 πρὸς

255 2306 272 2329 ¹¹
293 2307 413 2342 δύντος·
434 2307 470 2341 S.
493 2312 528 2340 et
546 2320 603 2351 γρ.
626 2306 669 2339 Y.
701 2306 902 2351 Legebatur
922 2304 1092 2340 δύνοντος.
1190 2308 1204 2324 ⁶
1225 2303 1334 2349 ὑμεῖς]
1360 2303 1453 2347 ἡμεῖς
1472 2304 1515 2338 Α.
1610 2299 1629 2328 d
1647 2305 1715 2348 φο-

199 2360 353 2404 βήσεσθε
375 2361 414 2394 F.
446 2358 669 2404 φοβήσεσθαι
691 2359 728 2392 S.
779 2358 978 2404 Legebatur
1004 2356 1264 2401 φοβηθήσεσθε.
1421 2362 1437 2381 e
1465 2357 1577 2401 ἔχοιεν
1595 2354 1652 2402 ἂν]
1676 2355 1717 2390 ἂν

199 2415 310 2458 ἔχοιεν
329 2413 371 2447 Y.
482 2409 496 2436 f
515 2410 584 2446 οὐδ’
606 2423 677 2446 om.
699 2423 752 2457 pr.
770 2411 813 2445 O.
908 2417 928 2444 g
948 2409 1019 2444 οὔθ’
1040 2412 1081 2444 Α.
1114 2410 1340 2443 Scribebatur
1360 2411 1449 2451 οὔτε,
1471 2409 1566 2455 quod
1585 2421 1655 2444 om.
1678 2409 1713 2443 S.

873 2473 914 2491 ων

201 2507 217 2529 h
238 2509 304 2542 ὑπὸ
323 2521 394 2542 om.
417 2507 578 2542 F.O.U.V.
713 2503 723 2530 i
743 2505 828 2551 τῶν]
852 2509 913 2540 τοῦ
934 2506 972 2539 F.
1002 2508 1063 2539 τοῦ
1085 2505 1210 2540 S.O.u.
1338 2502 1358 2529 k
1381 2503 1452 2539 οὔθ’
1474 2503 1528 2538 ὑπ’
1548 2504 1653 2538 αὐτοῦ
1672 2505 1715 2538 A.

201 2562 402 2607 Legebatur
421 2564 499 2594 οὔτε
519 2561 632 2594 αὐτοῦ.
788 2556 799 2583 l
828 2558 910 2604 που]
935 2573 1001 2592 που
1021 2560 1073 2592 καὶ
1094 2559 1207 2593 F.u.V.
1365 2564 1395 2582 ¹1¹
1414 2555 1524 2603 τοῦτ’]
1548 2559 1654 2591 ταῦτα
1672 2559 1714 2592 Α.

202 2619 218 2635 ¹¹
238 2613 316 2649 ἀλλ’
337 2614 421 2660 ἅμα]
446 2614 537 2647 ἀλλὰ
556 2613 621 2656 μὴν
642 2612 801 2647 S.O.u.v.
831 2612 922 2646 ἀλλὰ
942 2627 1006 2655 μην
1026 2626 1062 2645 τε
1082 2612 1122 2645 F.
1278 2616 1296 2635 0
1325 2610 1444 2656 πόλιν]
1472 2612 1575 2644 πόλιν
1594 2610 1655 2654 τὴν
1673 2611 1716 2644 Α.

200 2674 219 2701 P
240 2669 294 2702 διὰ
314 2680 383 2702 om.
405 2666 613 2701 A.B.O.u.v.
635 2672 680 2706 et,
702 2672 741 2699 ut
763 2665 898 2710 opinor,
919 2665 1056 2699 codices
1075 2664 1212 2710 reliqui.
1260 2664 1353 2698 Nam
1381 2664 1436 2697 διὰ
1464 2663 1598 2697 addidit
1624 2663 1716 2697 Feli-

199 2722 331 2755 cianus.
443 2726 462 2753 q
483 2720 517 2753 ἐκ
537 2719 619 2753 A.S.
651 2719 851 2764 Legebatur
871 2719 906 2752 ἐκ
925 2721 997 2752 τοῦ.
1120 2724 1135 2742 ¹·
1155 2717 1208 2764 δέ]
1234 2718 1274 2760 δὴ
1294 2719 1335 2751 Α.
1449 2723 1462 2742 S
1482 2714 1714 2763 ἀμυνούμεθα]

199 2808 391 2852 ἀμυνόμεθα
410 2808 451 2840 Α.
599 2808 610 2832 t
631 2805 687 2851 δέ]
713 2805 752 2850 δή
774 2805 818 2840 O.
961 2811 981 2830 u
1001 2801 1028 2839 ὦ
1045 2805 1163 2850 ἄνδρες
1180 2803 1368 2850 Ἀθηναῖοι]
1394 2783 1419 2836 3>
1439 2804 1480 2837 A.
1501 2808 1540 2836 ut
1560 2803 1660 2837 solet.
1690 2799 1717 2836 ὦ

197 2894 348 2937 ἀθηναῖοι
369 2893 413 2927 Ο.
443 2894 474 2926 οἱ
493 2906 562 2927 u.v.
719 2897 738 2916 Χ
769 2891 862 2938 ὑμῖν]
888 2869 964 2935 ξιμῖν
986 2892 1025 2925 F.
1057 2891 1134 2934 ἡμῖν
1153 2890 1320 2925 Y.O.u.v.
1475 2896 1495 2924 ,V
1524 2889 1566 2922 τὰ
1585 2900 1655 2923 om.
1677 2888 1714 2923 S.

198 2952 215 2971 Ζ
237 2947 348 2993 ὑμῶν]
375 2946 466 2989 ἡμῶν
487 2947 527 2980 F.
