1930 3266
194 420 271 461 103

193 1114 273 1153 104

189 1662 268 1704 105

190 2085 267 2123 106

1893 0 1930 101 ἓ

284 199 370 242 266
821 207 1247 244 ΔΗΜΟΣΘΕΝΟΎΣ
1369 206 1452 245 On.
1474 206 1656 245 XVIII.
1681 220 1718 259 p.
1739 217 1918 259 253,2--

286 313 370 377 μὲν
402 315 535 382 ἔχων,
561 316 763 367 Ρπαύσει
802 315 851 367 δὲ
886 317 1110 379 οὐδέποτ’,
1137 316 1217 368 ἐὰν
1250 316 1315 381 μή
1350 340 1409 368 σε
1443 318 1570 368 οὗτοι
1606 317 1802 369 παύσω-

285 421 366 449 σιν
386 406 403 433 ‘³
422 400 744 463 ἀτιμώσαντες
770 407 785 425 ¹'
801 399 1017 466 τήμερον.
1061 401 1478 469 στεφανωσάντων
1498 403 1653 452 τοίνυν
1674 404 1803 466 ὑμῶν

282 482 360 546 ἐμὲ
402 485 476 534 ἐπὶ
515 484 694 536 τούτοις
745 482 868 546 τότε,
914 487 989 534 καὶ
1030 484 1310 551 γράψαντος
1350 486 1678 550 Ἀριστονίκου
1717 486 1802 540 τὰς

283 565 425 619 αὐτὰς
451 566 708 626 συλλαβὰς
740 565 896 632 ἅσπερ
933 569 1095 618 οὑτοσὶ
1131 572 1398 636 Κτησιφῶν
1435 575 1541 619 5νῦν
1573 569 1830 639 γέγραφε,5

282 651 359 700 καὶ
385 651 726 716 ἀναρρηθέντος
761 652 808 700 ἐν
834 655 900 718 τῷ
932 650 1114 719 θεάτρῳ
1151 658 1233 702 τοῦ
1261 651 1514 720 στεφάνου,
1543 655 1618 703 καὶ
1644 654 1796 704 δευτέ-

282 756 367 798 ρου
394 733 692 799 κηρύγματος
730 734 817 798 ἤδη
854 757 934 797 μοι
960 734 1127 785 τούτου
1153 736 1463 800 ῑγιγνομένου,
1491 737 1581 787 οὔτ’
1609 743 1630 762 “
1648 739 1797 788 ἀντεῖ-

282 840 368 868 πεν
396 818 629 883 Αἰσχίνης
667 816 831 883 παρὼν
867 819 969 868 οὕτε
1009 818 1091 869 τὸν
1124 818 1341 870 Χεἰπόντα
1376 819 1637 887 ἐγράψατο.
1708 822 1808 872 Καί

283 923 362 964 μοι
388 900 497 966 λέγε
524 904 627 951 )’καὶ
653 907 818 952 Ζτοῦτο
844 900 898 952 τδ
926 902 1165 971 ψήφισμα
1190 903 1402 963 3λαβών.

896 1018 1187 1061 ΨΗΦΙΣΜΑ.
1818 1035 1856 1058 ιο

398 1099 490 1140 Ἐπὶ
539 1099 800 1152 ὶ’Χαιρώνδου
853 1100 1108 1153 ΟῬΙγήμονος
1157 1102 1360 1154 ἄρχοντος,
1414 1106 1659 1154 γαμηλιῶνος
1711 1102 1801 1158 ἕκτῃ

343 1170 537 1215 ἀπιόντος,
571 1171 699 1221 φυλῆς
729 1170 1044 1221 πρυτανευούσης
1073 1170 1295 1216 Λεοντίδος,
1321 1168 1590 1221 Ἀριστόνικος
1620 1169 1803 1222 (ῘΦρεάρ-

341 1253 424 1288 ριος
455 1236 576 1282 εἶπεν,
609 1236 739 1286 ἐπειδὴ
770 1235 1028 1287 Δημοσθένης
1061 1236 1372 1286 ΕΔημοσθένους
1406 1236 1617 1278 Παιανιεὺς
1646 1239 1802 1280 πολλὰς
1818 1255 1852 1288 15

345 1305 407 1344 καὶ
445 1303 622 1355 μεγάλας
662 1304 797 1356 χρείας
837 1303 1083 1356 παρέσχηται
1123 1306 1175 1358 τῷ
1216 1303 1319 1358 δήμῳ
1362 1303 1439 1358 sup*
1479 1303 1699 1353 Ἀθηναίων
1740 1303 1803 1343 καὶ

342 1376 541 1414 ἕπολλοῖς
573 1375 648 1411 τῶν
670 1371 886 1424 συμμάχων
907 1370 924 1394 ¹¹
942 1372 1003 1411 καὶ
1030 1373 1233 1422 πρότερον,
1258 1371 1319 1411 καὶ
1342 1373 1385 1411 ἐν
1406 1374 1457 1426 τῷ
1489 1372 1652 1423 παρόντι
1684 1373 1801 1425 καιρῷ

340 1438 566 1490 βεβοήθηκε
588 1441 649 1479 διὰ
669 1443 744 1479 τῶν
765 1439 1049 1491 ψηφισμάτων,
1074 1440 1139 1478 καί
1161 1456 1268 1480 τινας
1299 1443 1375 1479 τῶν
1405 1440 1447 1479 ἐν
1475 1441 1519 1490 τῇ
1550 1439 1702 1493 Εὐβοίᾳ
1731 1439 1801 1479 πό-

340 1512 446 1547 λεων
466 1507 723 1559 ἠλευθέρωκε,
747 1509 810 1548 καὶ
831 1511 1005 1548 διατελεῖ
1025 1508 1158 1549 εὔνους
1183 1506 1238 1547 ὢν
1261 1510 1310 1561 τῷ
1334 1507 1436 1562 δήμῳ
1464 1506 1539 1561 ἰτῷ
1563 1506 1795 1558 Ἀθηναίων,
1811 1522 1852 1544 20

343 1575 404 1615 καὶ
439 1574 551 1626 λέγει
585 1576 647 1614 καὶ
682 1575 840 1627 πράττει
873 1576 894 1614 ὅ
930 1592 965 1615 τι
1000 1573 1049 1614 ἂν
1085 1575 1243 1624 δύνηται
1284 1574 1435 1626 ἀγαθὸν
1468 1573 1565 1626 ὑπέρ
1598 1590 1639 1614 τε
1673 1574 1799 1615 αὐτῶν

339 1641 562 1693 Ἀθηναίων
589 1643 652 1682 καὶ
676 1647 752 1682 τῶν
774 1644 910 1682 ἄλλων
930 1641 1152 1692 (Ελλήνων,
1177 1640 1195 1668 k
1211 1642 1395 1694 δεδόχθαι
1426 1642 1471 1696 τῇ
1502 1643 1631 1692 βουλῇ
1665 1642 1726 1681 καὶ
1747 1644 1799 1696 τῷ

340 1710 444 1764 δήμῳ
477 1710 552 1763 Ῑτῷ
585 1709 805 1759 Ἀθηναίων
838 1709 1044 1749 ἐπαινέσαι
1072 1708 1333 1759 Δημοσθένην
1365 1708 1645 1759 Δημοσθένους
1675 1712 1801 1748 Παια-
1814 1723 1852 1755 25

343 1777 429 1818 νιέα
457 1777 518 1816 καὶ
545 1781 801 1828 στεφανῶσαι
831 1779 964 1831 χρυσῷ
995 1777 1194 1830 στεφάνῳ,
1224 1777 1284 1816 καὶ
1316 1778 1581 1828 ἀναγορεῦσαι
1611 1776 1682 1816 τὸν
1712 1776 1800 1817 στέ-

341 1851 471 1898 φανον
494 1846 537 1884 ἐν
558 1846 608 1899 τῷ
631 1844 778 1899 θεάτρῳ
801 1845 1079 1891 ΠῑΔιονυσίοις,
1105 1848 1316 1900 τραγῳδοῖς
1337 1849 1496 1892 καινοῖς,
1517 1847 1582 1895 τῆς
1599 1846 1639 1885 δὲ
1658 1846 1801 1898 ἀναγο-

339 1914 508 1965 ρεύσεως
529 1916 595 1952 τοῦ
618 1912 818 1964 στεφάνου
840 1914 1121 1963 ἐπιμεληθῆναι
1146 1913 1216 1962 τὴν
1245 1913 1564 1964 πρυτανεύουσαν
1585 1913 1718 1966 φυλὴν
1740 1914 1801 1954 καὶ

339 1983 408 2022 τὸν
430 1981 692 2033 ἀγωνοθέτην.
727 1981 835 2021 εἶπεν
858 1980 1160 2033 ῃἈριστόνικος
1180 1989 1198 2008 o
1212 1980 1440 2033 Φρεάρριος.
1815 1990 1894 2036 254

346 2066 524 2118 ”Εστιν
551 2068 633 2117 οὖν
668 2066 800 2119 ὅστις
841 2068 969 2129 ὑμῶν
1001 2063 1098 2116 οἶδέ
1132 2088 1236 2116 τινα
1261 2065 1493 2132 αἰσχύνην
1532 2069 1626 2132 Ρτῇ
1664 2065 1803 2117 πόλει

336 2229 355 2256 Ι)
375 2221 501 2256 παύσει
523 2223 559 2256 S.
590 2222 705 2266 παύσῃ
725 2223 842 2268 vulgo.
954 2230 973 2256 q
993 2223 1242 2269 ἀτιμώσαντες]
1267 2223 1493 2266 ἀτιμάσαντες
1510 2222 1554 2256 Ο.
1666 2227 1681 2247 ¹·
1699 2221 1800 2266 τήμε-

281 2275 358 2321 ρον]
395 2275 540 2321 τήμερον
573 2277 651 2322 περὶ
680 2277 718 2309 τὸ
747 2278 840 2319 βῆμα
871 2289 905 2310 u.
1073 2282 1087 2301 S
1119 2279 1176 2310 νῦν
1206 2276 1379 2322 γέγραφε]
1413 2277 1567 2322 γέγραφε
1597 2277 1656 2310 νῦν
1686 2277 1799 2311 A.k.s.

282 2328 297 2354 t
316 2330 535 2375 γιγνομένου]
560 2330 742 2374 γενομένου
762 2331 874 2364 A.k.s.
988 2337 1007 2355 Π
1028 2330 1199 2375 ἀντεῖπεν]
1221 2330 1367 2363 ἀνειπειν
1384 2330 1462 2373 (Sic)
1484 2342 1535 2374 pr.
1558 2329 1593 2363 S.
1703 2335 1723 2354 Χ
1751 2330 1799 2363 εἷ-

282 2382 407 2428 πόντα]
431 2382 630 2416 ἀντειπόντα
653 2383 687 2417 S.
711 2388 745 2416 et
764 2398 821 2428 γρ.
844 2382 933 2421 RQ.
1056 2390 1075 2416 Y
1096 2384 1147 2416 καὶ
1167 2389 1247 2428 post
1267 2383 1345 2428 λε’-γε
1367 2395 1436 2416 om.
1458 2383 1525 2416 k.s.
1637 2387 1654 2406 Ζ
1675 2382 1794 2429 τοῦτο]

282 2435 406 2470 τούτου
426 2448 479 2480 pr.
505 2436 539 2469 S.
697 2441 715 2460 a
744 2438 861 2477 λαβὼν
882 2436 917 2469 S.
959 2438 1086 2477 λαβὼν.
1117 2436 1196 2481 λέγε
1220 2438 1338 2482 vulgo.
1381 2436 1587 2481 Psepl1isma
1605 2435 1737 2469 omittit
1755 2437 1797 2470 A.

283 2488 300 2511 b
320 2489 516 2534 Χαιρώνδου
538 2490 565 2522 F
582 2489 834 2528 S.Y.Q.O.t.u.
864 2490 1072 2534 Χαιρωνίδου
1093 2490 1210 2535 vulgo.
1344 2495 1359 2513 ⁰
1378 2489 1570 2534 Ἡγήμονος
1590 2489 1798 2523 Felicianus.

282 2543 483 2588 Legebatur
501 2541 702 2588 ‘Hye'luouoa
733 2543 897 2589 ἡγεμόνος
916 2543 1193 2589 F.S.O.p.1·.u.v.
1333 2539 1352 2567 d
1372 2541 1572 2588 Φρεάρριος]
1597 2544 1801 2588 φερεαρριος

282 2630 403 2664 S.O.u.
434 2608 614 2675 φερεαριος
634 2631 672 2664 F.
784 2635 799 2653 0
821 2630 1060 2674 Δημοσθένους
1079 2642 1148 2664 om.
1171 2630 1216 2665 Ο.
1316 2627 1330 2654 f
1347 2632 1393 2676 τῷ
1411 2628 1595 2672 ’Λθηναίων
1617 2629 1701 2668 S.Q.
1732 2632 1798 2663 τῶν

278 2681 463 2726 Ἀθηναίων
481 2684 601 2729 vulgo.
686 2689 707 2716 g
726 2684 889 2728 πολλοῖς]
912 2684 1063 2718 πολλοὺς
1084 2696 1111 2718 1·.
1204 2682 1217 2703 '¹
1239 2684 1292 2717 καὶ
1312 2689 1392 2717 ante
1412 2684 1578 2728 πρότερον
1597 2694 1666 2717 om.
1687 2695 1739 2728 pr.
1760 2695 1795 2718 u.

278 2742 359 2782 post
379 2738 546 2782 πρότερον
565 2749 635 2771 om.
658 2737 702 2771 Ο.
794 2743 799 2757 ¹
820 2740 868 2784 τῴ
886 2736 1070 2780 Ἀθηναίων
1088 2737 1169 2771 S.Y.
1200 2740 1268 2771 τῶν
1285 2735 1469 2781 Ἀθηναίων
1488 2736 1606 2781 vulgo.
1701 2733 1720 2760 k
1740 2736 1796 2770 δε-

278 2790 416 2836 δόχθαι]
440 2790 593 2834 δεδόχθω
613 2803 647 2836 p.
728 2789 733 2812 ¹
755 2792 803 2836 τῷ
820 2788 1005 2834 Ἀθηναίων
1025 2791 1153 2830 F.S.Q.
1184 2793 1251 2824 τῶν
1268 2789 1453 2834 Ἀθηναίων
1472 2789 1590 2835 vulgo.
1666 2794 1696 2813 ¹1¹
1716 2794 1796 2823 Διο-

278 2843 408 2879 νυσίοις
427 2855 496 2877 om.
520 2844 601 2878 B.S.
742 2849 761 2867 Π
781 2841 1030 2890 Ἀριστόνικος]
1054 2843 1282 2890 ἆριστόδημος
1303 2844 1418 2878 S.Y.r.
1550 2847 1569 2867 0
1589 2842 1790 2890 Φρεάρριος]

277 2931 479 2976 φερεάρριος
498 2943 531 2964 ν.
555 2935 590 2964 et
609 2935 785 2964 correctus
806 2942 833 2963 r.
863 2903 1042 2976 φερεαῗηος
1063 2931 1102 2965 F.
1242 2935 1258 2958 P
1278 2933 1318 2974 τῇ
1339 2931 1440 2964 πόλει
1460 2931 1645 2973 συμβᾶσαν
1663 2929 1792 2964 A.S.Y.

275 2983 411 3028 k.p.1·.s.
441 2985 628 3028 συμβᾶσαν
648 2985 689 3026 τῇ
708 2984 808 3017 πόλει
827 2983 944 3029 vulgo.

1904 2253 1913 2502 ἒ

1896 2630 1907 2963 ἕ

1893 2966 1904 3115 12
