<?xml version="1.0" encoding="UTF-8"?>
<!DOCTYPE html PUBLIC "-//W3C//DTD XHTML 1.0 Transitional//EN"
    "http://www.w3.org/TR/xhtml1/DTD/xhtml1-transitional.dtd">
<html xmlns="http://www.w3.org/1999/xhtml" xml:lang="en" lang="en">
 <head>
  <title>
</title>
<meta http-equiv="Content-Type" content="text/html;charset=utf-8" />
  <meta name='ocr-system' content='tesseract 3.04.00' />
  <meta name='ocr-capabilities' content='ocr_page ocr_carea ocr_par ocr_line ocrx_word'/>
</head>
<body>
  <div class='ocr_page' id='page_1' title='image "./operaexrecension01demouoft_0048.png"; bbox 0 0 1882 3250; ppageno 0'>
   <div class='ocr_carea' id='block_1_1' title="bbox 264 150 1882 205">
    <p class='ocr_par' dir='ltr' id='par_1_1' title="bbox 264 150 1882 205">
     <span class='ocr_line' id='line_1_1' title="bbox 264 150 1882 205; baseline 0.001 -16"><span class='ocrx_word' id='word_1_1' title='bbox 264 150 320 190; x_wconf 77' lang='lat'>24</span> <span class='ocrx_word' id='word_1_2' title='bbox 809 153 1239 191; x_wconf 77' lang='grc' dir='ltr'><strong>ΔΗΜΟΣΘΕΝΟΎΣ</strong></span> <span class='ocrx_word' id='word_1_3' title='bbox 1477 151 1559 190; x_wconf 81' lang='lat' dir='ltr'>OR.</span> <span class='ocrx_word' id='word_1_4' title='bbox 1578 150 1643 190; x_wconf 93' lang='grc' dir='ltr'>ΙΙ.</span> <span class='ocrx_word' id='word_1_5' title='bbox 1668 166 1707 205; x_wconf 87' lang='lat' dir='ltr'>p.</span> <span class='ocrx_word' id='word_1_6' title='bbox 1725 163 1790 200; x_wconf 89' lang='lat'>20,</span> <span class='ocrx_word' id='word_1_7' title='bbox 1811 168 1882 197; x_wconf 85' lang='lat'>17-</span> 
     </span>
    </p>
   </div>
   <div class='ocr_carea' id='block_1_2' title="bbox 200 260 1880 2251">
    <p class='ocr_par' dir='ltr' id='par_1_2' title="bbox 265 260 1780 410">
     <span class='ocr_line' id='line_1_2' title="bbox 265 260 1780 330; baseline 0 -18"><span class='ocrx_word' id='word_1_8' title='bbox 265 262 428 330; x_wconf 70' lang='grc' dir='ltr'>Οαὺτῷ,</span> <span class='ocrx_word' id='word_1_9' title='bbox 456 260 484 325; x_wconf 79' lang='grc' dir='ltr'>ἢ</span> <span class='ocrx_word' id='word_1_10' title='bbox 512 264 574 314; x_wconf 83' lang='grc' dir='ltr'>ὡς</span> <span class='ocrx_word' id='word_1_11' title='bbox 601 266 642 312; x_wconf 80' lang='grc' dir='ltr'>οἱ</span> <span class='ocrx_word' id='word_1_12' title='bbox 675 261 804 327; x_wconf 79' lang='grc' dir='ltr'>παρὰ</span> <span class='ocrx_word' id='word_1_13' title='bbox 834 261 919 325; x_wconf 89' lang='grc' dir='ltr'>τὴν</span> <span class='ocrx_word' id='word_1_14' title='bbox 944 264 1098 312; x_wconf 82' lang='grc' dir='ltr'>αὑτῶν</span> <span class='ocrx_word' id='word_1_15' title='bbox 1124 261 1262 329; x_wconf 77' lang='grc' dir='ltr'>ἀξίαν</span> <span class='ocrx_word' id='word_1_16' title='bbox 1288 262 1630 323; x_wconf 80' lang='grc' dir='ltr'>δεδουλωμένοι</span> <span class='ocrx_word' id='word_1_17' title='bbox 1657 266 1780 312; x_wconf 83' lang='grc' dir='ltr'>Θετ-</span> 
     </span>
     <span class='ocr_line' id='line_1_3' title="bbox 265 344 1431 410; baseline 0.001 -16"><span class='ocrx_word' id='word_1_18' title='bbox 265 347 403 395; x_wconf 78' lang='grc' dir='ltr'>ταλοὶ</span> <span class='ocrx_word' id='word_1_19' title='bbox 429 350 512 395; x_wconf 84' lang='grc' dir='ltr'>νῦν</span> <span class='ocrx_word' id='word_1_20' title='bbox 537 345 619 395; x_wconf 81' lang='grc' dir='ltr'>οὐκ</span> <span class='ocrx_word' id='word_1_21' title='bbox 646 344 703 394; x_wconf 79' lang='grc' dir='ltr'>ἂν</span> <span class='ocrx_word' id='word_1_22' title='bbox 728 344 961 410; x_wconf 80' lang='grc' dir='ltr'>ἐλεύθεροι</span> <span class='ocrx_word' id='word_1_23' title='bbox 985 344 1194 409; x_wconf 79' lang='grc' dir='ltr'>γένοιντο</span> <span class='ocrx_word' id='word_1_24' title='bbox 1221 344 1431 406; x_wconf 81' lang='grc' dir='ltr'>ἄσμενοι.</span> 
     </span>
    </p>

    <p class='ocr_par' dir='ltr' id='par_1_3' title="bbox 227 427 1880 1074">
     <span class='ocr_line' id='line_1_4' title="bbox 227 427 1784 493; baseline -0.002 -12"><span class='ocrx_word' id='word_1_25' title='bbox 227 442 251 481; x_wconf 89' lang='grc'>9</span> <span class='ocrx_word' id='word_1_26' title='bbox 344 430 437 477; x_wconf 80' lang='grc' dir='ltr'>Καὶ</span> <span class='ocrx_word' id='word_1_27' title='bbox 475 427 568 491; x_wconf 83' lang='grc' dir='ltr'>μὴν</span> <span class='ocrx_word' id='word_1_28' title='bbox 606 428 648 478; x_wconf 79' lang='grc' dir='ltr'>εἴ</span> <span class='ocrx_word' id='word_1_29' title='bbox 678 450 746 480; x_wconf 91' lang='grc' dir='ltr'>τις</span> <span class='ocrx_word' id='word_1_30' title='bbox 786 429 914 490; x_wconf 82' lang='grc' dir='ltr'>ὑμῶν</span> <span class='ocrx_word' id='word_1_31' title='bbox 952 433 1099 477; x_wconf 84' lang='grc' dir='ltr'>ταῦτα</span> <span class='ocrx_word' id='word_1_32' title='bbox 1137 427 1221 490; x_wconf 76' lang='grc' dir='ltr'>μὲν</span> <span class='ocrx_word' id='word_1_33' title='bbox 1258 429 1403 480; x_wconf 80' lang='grc' dir='ltr'>οὕτως</span> <span class='ocrx_word' id='word_1_34' title='bbox 1438 427 1559 493; x_wconf 73' lang='grc' dir='ltr'>ε”χειν</span> <span class='ocrx_word' id='word_1_35' title='bbox 1593 428 1784 491; x_wconf 83' lang='grc' dir='ltr'>ἡγεῖται,</span> 
     </span>
     <span class='ocr_line' id='line_1_5' title="bbox 265 510 1838 578; baseline -0.002 -18"><span class='ocrx_word' id='word_1_36' title='bbox 265 510 407 560; x_wconf 76' lang='grc' dir='ltr'>οἴεται</span> <span class='ocrx_word' id='word_1_37' title='bbox 443 510 491 561; x_wconf 77' lang='grc' dir='ltr'>δὲ</span> <span class='ocrx_word' id='word_1_38' title='bbox 524 512 608 578; x_wconf 77' lang='grc' dir='ltr'>βίᾳ</span> <span class='ocrx_word' id='word_1_39' title='bbox 644 510 854 578; x_wconf 74' lang='grc' dir='ltr'>καθέξειν</span> <span class='ocrx_word' id='word_1_40' title='bbox 880 510 1022 561; x_wconf 80' lang='grc' dir='ltr'>αὐτὸν</span> <span class='ocrx_word' id='word_1_41' title='bbox 1057 510 1117 561; x_wconf 78' lang='grc' dir='ltr'>τὰ</span> <span class='ocrx_word' id='word_1_42' title='bbox 1149 510 1408 576; x_wconf 84' lang='grc' dir='ltr'>πράγματα</span> <span class='ocrx_word' id='word_1_43' title='bbox 1444 514 1510 578; x_wconf 73' lang='grc' dir='ltr'>τῷ</span> <span class='ocrx_word' id='word_1_44' title='bbox 1543 511 1602 560; x_wconf 80' lang='grc' dir='ltr'>τὰ</span> <span class='ocrx_word' id='word_1_45' title='bbox 1635 513 1785 577; x_wconf 85' lang='grc' dir='ltr'>χωρία</span> <span class='ocrx_word' id='word_1_46' title='bbox 1799 536 1838 558; x_wconf 84' lang='lat'>20</span> 
     </span>
     <span class='ocr_line' id='line_1_6' title="bbox 265 592 1781 660; baseline 0 -17"><span class='ocrx_word' id='word_1_47' title='bbox 265 596 341 643; x_wconf 75' lang='grc' dir='ltr'>καὶ</span> <span class='ocrx_word' id='word_1_48' title='bbox 367 594 558 655; x_wconf 78' lang='grc' dir='ltr'>λιμένας</span> <span class='ocrx_word' id='word_1_49' title='bbox 593 596 667 643; x_wconf 78' lang='grc' dir='ltr'>καὶ</span> <span class='ocrx_word' id='word_1_50' title='bbox 694 592 753 643; x_wconf 77' lang='grc' dir='ltr'>τὰ</span> <span class='ocrx_word' id='word_1_51' title='bbox 777 599 970 644; x_wconf 84' lang='grc' dir='ltr'>τοιαῦτα</span> <span class='ocrx_word' id='word_1_52' title='bbox 1005 594 1355 660; x_wconf 74' lang='grc' dir='ltr'>προειληφέναι,</span> <span class='ocrx_word' id='word_1_53' title='bbox 1383 594 1466 643; x_wconf 81' lang='grc' dir='ltr'>οὐκ</span> <span class='ocrx_word' id='word_1_54' title='bbox 1500 594 1650 657; x_wconf 82' lang='grc' dir='ltr'>ὀρθῶς</span> <span class='ocrx_word' id='word_1_55' title='bbox 1689 594 1781 644; x_wconf 78' lang='grc' dir='ltr'>οἴε-</span> 
     </span>
     <span class='ocr_line' id='line_1_7' title="bbox 264 675 1785 742; baseline 0 -17"><span class='ocrx_word' id='word_1_56' title='bbox 264 698 356 725; x_wconf 91' lang='grc' dir='ltr'>ται.</span> <span class='ocrx_word' id='word_1_57' title='bbox 401 675 514 726; x_wconf 75' lang='grc' dir='ltr'>ὅταν</span> <span class='ocrx_word' id='word_1_58' title='bbox 551 675 636 738; x_wconf 78' lang='grc' dir='ltr'>μὲν</span> <span class='ocrx_word' id='word_1_59' title='bbox 672 675 765 741; x_wconf 82' lang='grc' dir='ltr'>γὰρ</span> <span class='ocrx_word' id='word_1_60' title='bbox 805 677 876 726; x_wconf 86' lang='grc' dir='ltr'>ὑπ’</span> <span class='ocrx_word' id='word_1_61' title='bbox 907 676 1085 728; x_wconf 78' lang='grc' dir='ltr'>εὐνοίας</span> <span class='ocrx_word' id='word_1_62' title='bbox 1123 675 1182 726; x_wconf 79' lang='grc' dir='ltr'>τὰ</span> <span class='ocrx_word' id='word_1_63' title='bbox 1219 676 1477 741; x_wconf 88' lang='grc' dir='ltr'>πράγματα</span> <span class='ocrx_word' id='word_1_64' title='bbox 1512 679 1674 742; x_wconf 82' lang='grc' dir='ltr'>συστῇ</span> <span class='ocrx_word' id='word_1_65' title='bbox 1710 678 1785 726; x_wconf 80' lang='grc' dir='ltr'>καὶ</span> 
     </span>
     <span class='ocr_line' id='line_1_8' title="bbox 265 758 1785 826; baseline 0 -18"><span class='ocrx_word' id='word_1_66' title='bbox 265 763 386 808; x_wconf 82' lang='grc' dir='ltr'>πᾶσι</span> <span class='ocrx_word' id='word_1_67' title='bbox 428 758 575 809; x_wconf 80' lang='grc' dir='ltr'>ταύτὰ</span> <span class='ocrx_word' id='word_1_68' title='bbox 616 759 839 826; x_wconf 77' lang='grc' dir='ltr'>συμφέρῃ</span> <span class='ocrx_word' id='word_1_69' title='bbox 879 763 975 811; x_wconf 87' lang='grc' dir='ltr'>τοῖς</span> <span class='ocrx_word' id='word_1_70' title='bbox 1019 758 1271 823; x_wconf 81' lang='grc' dir='ltr'>μετέχουσι</span> <span class='ocrx_word' id='word_1_71' title='bbox 1311 763 1394 808; x_wconf 84' lang='grc' dir='ltr'>τοῦ</span> <span class='ocrx_word' id='word_1_72' title='bbox 1439 758 1663 821; x_wconf 80' lang='grc' dir='ltr'>πολέμου,</span> <span class='ocrx_word' id='word_1_73' title='bbox 1710 761 1785 808; x_wconf 85' lang='grc' dir='ltr'>καὶ</span> 
     </span>
     <span class='ocr_line' id='line_1_9' title="bbox 265 840 1880 909; baseline 0.007 -33"><span class='ocrx_word' id='word_1_74' title='bbox 265 847 554 904; x_wconf 77' lang='grc' dir='ltr'>Ρσυμπονεῖν</span> <span class='ocrx_word' id='word_1_75' title='bbox 588 843 663 891; x_wconf 81' lang='grc' dir='ltr'>καὶ</span> <span class='ocrx_word' id='word_1_76' title='bbox 701 840 858 908; x_wconf 86' lang='grc' dir='ltr'>φέρειν</span> <span class='ocrx_word' id='word_1_77' title='bbox 896 840 979 894; x_wconf 79' lang='grc' dir='ltr'>τὰς</span> <span class='ocrx_word' id='word_1_78' title='bbox 1009 840 1263 909; x_wconf 78' lang='grc' dir='ltr'>συμφορὰς</span> <span class='ocrx_word' id='word_1_79' title='bbox 1294 843 1369 891; x_wconf 79' lang='grc' dir='ltr'>καὶ</span> <span class='ocrx_word' id='word_1_80' title='bbox 1403 842 1554 904; x_wconf 85' lang='grc' dir='ltr'>μένειν</span> <span class='ocrx_word' id='word_1_81' title='bbox 1587 841 1836 897; x_wconf 66' lang='grc' dir='ltr'>ε’θέλου-α5</span> <span class='ocrx_word' id='word_1_82' title='bbox 1877 841 1880 851; x_wconf 75' lang='lat'><em>&#39;</em></span> 
     </span>
     <span class='ocr_line' id='line_1_10' title="bbox 266 922 1786 992; baseline 0.002 -18"><span class='ocrx_word' id='word_1_83' title='bbox 266 947 347 974; x_wconf 93' lang='grc' dir='ltr'>σιν</span> <span class='ocrx_word' id='word_1_84' title='bbox 386 922 666 989; x_wconf 65' lang='grc' dir='ltr'>Ἶᾶνθρωποι·</span> <span class='ocrx_word' id='word_1_85' title='bbox 711 924 823 973; x_wconf 80' lang='grc' dir='ltr'>ὅταν</span> <span class='ocrx_word' id='word_1_86' title='bbox 864 925 903 972; x_wconf 90' lang='grc' dir='ltr'>δ’</span> <span class='ocrx_word' id='word_1_87' title='bbox 942 925 991 973; x_wconf 86' lang='grc' dir='ltr'>ἐκ</span> <span class='ocrx_word' id='word_1_88' title='bbox 1030 924 1305 992; x_wconf 77' lang='grc' dir='ltr'>πλεονεξίας</span> <span class='ocrx_word' id='word_1_89' title='bbox 1344 926 1420 974; x_wconf 75' lang='grc' dir='ltr'>καὶ</span> <span class='ocrx_word' id='word_1_90' title='bbox 1457 924 1682 989; x_wconf 81' lang='grc' dir='ltr'>πονηρίας</span> <span class='ocrx_word' id='word_1_91' title='bbox 1717 946 1786 977; x_wconf 91' lang='grc' dir='ltr'>τις</span> 
     </span>
     <span class='ocr_line' id='line_1_11' title="bbox 266 1004 1787 1077; baseline 0.001 -22"><span class='ocrx_word' id='word_1_92' title='bbox 266 1004 430 1077; x_wconf 77' lang='grc' dir='ltr'>ὥσπερ</span> <span class='ocrx_word' id='word_1_93' title='bbox 476 1006 610 1059; x_wconf 75' lang='grc' dir='ltr'>οὗτος</span> <span class='ocrx_word' id='word_1_94' title='bbox 662 1006 856 1072; x_wconf 78' lang='grc' dir='ltr'>ἰσχύσῃ,</span> <span class='ocrx_word' id='word_1_95' title='bbox 902 1006 930 1068; x_wconf 85' lang='grc' dir='ltr'>ἡ</span> <span class='ocrx_word' id='word_1_96' title='bbox 976 1006 1141 1072; x_wconf 82' lang='grc' dir='ltr'>πρώτη</span> <span class='ocrx_word' id='word_1_97' title='bbox 1184 1005 1429 1074; x_wconf 85' lang='grc' dir='ltr'>πρόφασις</span> <span class='ocrx_word' id='word_1_98' title='bbox 1473 1028 1548 1056; x_wconf 89' lang='grc' dir='ltr'>και</span> <span class='ocrx_word' id='word_1_99' title='bbox 1600 1005 1787 1072; x_wconf 60' lang='grc' dir='ltr'>’μικρὸν</span> 
     </span>
    </p>

    <p class='ocr_par' dir='ltr' id='par_1_4' title="bbox 203 1089 1876 1911">
     <span class='ocr_line' id='line_1_12' title="bbox 203 1089 1786 1155; baseline 0.001 -16"><span class='ocrx_word' id='word_1_100' title='bbox 203 1094 484 1152; x_wconf 78' lang='grc' dir='ltr'>Ῑοπταῖσμα</span> <span class='ocrx_word' id='word_1_101' title='bbox 518 1089 705 1139; x_wconf 80' lang='grc' dir='ltr'>ἅπαντα</span> <span class='ocrx_word' id='word_1_102' title='bbox 736 1089 1001 1155; x_wconf 86' lang='grc' dir='ltr'>ἀνεχαίτισε</span> <span class='ocrx_word' id='word_1_103' title='bbox 1041 1091 1116 1139; x_wconf 78' lang='grc' dir='ltr'>καὶ</span> <span class='ocrx_word' id='word_1_104' title='bbox 1151 1089 1382 1139; x_wconf 87' lang='grc' dir='ltr'>διελυσεν.</span> <span class='ocrx_word' id='word_1_105' title='bbox 1426 1090 1479 1139; x_wconf 83' lang='grc' dir='ltr'>οὐ</span> <span class='ocrx_word' id='word_1_106' title='bbox 1510 1112 1603 1155; x_wconf 92' lang='grc' dir='ltr'>γαρ</span> <span class='ocrx_word' id='word_1_107' title='bbox 1641 1089 1786 1152; x_wconf 87' lang='grc' dir='ltr'>ἐστιν,</span> 
     </span>
     <span class='ocr_line' id='line_1_13' title="bbox 266 1171 1788 1239; baseline -0.001 -14.969"><span class='ocrx_word' id='word_1_108' title='bbox 266 1174 371 1224; x_wconf 61' lang='lat'><strong><em>⁵051&lt;</em></strong></span> <span class='ocrx_word' id='word_1_109' title='bbox 398 1174 544 1231; x_wconf 86' lang='grc' dir='ltr'>ἐστιν,</span> <span class='ocrx_word' id='word_1_110' title='bbox 573 1171 610 1222; x_wconf 85' lang='grc' dir='ltr'><em>ὠ</em></span> <span class='ocrx_word' id='word_1_111' title='bbox 637 1173 800 1239; x_wconf 77' lang='grc' dir='ltr'>ἄνδρες</span> <span class='ocrx_word' id='word_1_112' title='bbox 822 1176 1079 1236; x_wconf 85' lang='grc' dir='ltr'>Αθηναῖοι,</span> <span class='ocrx_word' id='word_1_113' title='bbox 1106 1174 1355 1223; x_wconf 81' lang='grc' dir='ltr'>ἀδικοῦντα</span> <span class='ocrx_word' id='word_1_114' title='bbox 1380 1175 1456 1222; x_wconf 83' lang='grc' dir='ltr'>καὶ</span> <span class='ocrx_word' id='word_1_115' title='bbox 1482 1174 1788 1238; x_wconf 87' lang='grc' dir='ltr'>ἐπιορκουντα</span> 
     </span>
     <span class='ocr_line' id='line_1_14' title="bbox 266 1254 1876 1324; baseline 0 -18"><span class='ocrx_word' id='word_1_116' title='bbox 266 1257 341 1306; x_wconf 80' lang='grc' dir='ltr'>καὶ</span> <span class='ocrx_word' id='word_1_117' title='bbox 383 1254 675 1324; x_wconf 74' lang='grc' dir='ltr'>ψευδόμενον</span> <span class='ocrx_word' id='word_1_118' title='bbox 726 1254 922 1318; x_wconf 81' lang='grc' dir='ltr'>δύναμιν</span> <span class='ocrx_word' id='word_1_119' title='bbox 972 1256 1173 1316; x_wconf 80' lang='grc' dir='ltr'>βεβαίαν</span> <span class='ocrx_word' id='word_1_120' title='bbox 1223 1255 1511 1319; x_wconf 86' lang='grc' dir='ltr'>κτήσασθαι,</span> <span class='ocrx_word' id='word_1_121' title='bbox 1556 1255 1688 1305; x_wconf 81' lang='grc' dir='ltr'>ἀλλὰ</span> <span class='ocrx_word' id='word_1_122' title='bbox 1729 1254 1788 1306; x_wconf 77' lang='grc' dir='ltr'>τὰ</span> <span class='ocrx_word' id='word_1_123' title='bbox 1802 1277 1848 1306; x_wconf 85' lang='lat'>21</span> <span class='ocrx_word' id='word_1_124' title='bbox 1870 1268 1876 1275; x_wconf 49' lang='lat'>&#39;⁸</span> 
     </span>
     <span class='ocr_line' id='line_1_15' title="bbox 264 1338 1789 1407; baseline 0 -17"><span class='ocrx_word' id='word_1_125' title='bbox 264 1345 458 1390; x_wconf 87' lang='grc' dir='ltr'>τοιαῦτα</span> <span class='ocrx_word' id='word_1_126' title='bbox 496 1343 557 1392; x_wconf 78' lang='grc' dir='ltr'>εἰς</span> <span class='ocrx_word' id='word_1_127' title='bbox 600 1338 704 1399; x_wconf 74' lang='grc' dir='ltr'>ῒμὲν</span> <span class='ocrx_word' id='word_1_128' title='bbox 743 1338 878 1407; x_wconf 77' lang='grc' dir='ltr'>ἅπαξ</span> <span class='ocrx_word' id='word_1_129' title='bbox 919 1341 995 1389; x_wconf 84' lang='grc' dir='ltr'>καὶ</span> <span class='ocrx_word' id='word_1_130' title='bbox 1032 1338 1218 1406; x_wconf 79' lang='grc' dir='ltr'>βραχὺν</span> <span class='ocrx_word' id='word_1_131' title='bbox 1262 1338 1434 1406; x_wconf 87' lang='grc' dir='ltr'>χρόνον</span> <span class='ocrx_word' id='word_1_132' title='bbox 1473 1339 1667 1406; x_wconf 86' lang='grc' dir='ltr'>ἀντέχει,</span> <span class='ocrx_word' id='word_1_133' title='bbox 1712 1342 1789 1390; x_wconf 84' lang='grc' dir='ltr'>καὶ</span> 
     </span>
     <span class='ocr_line' id='line_1_16' title="bbox 265 1421 1789 1492; baseline 0 -19"><span class='ocrx_word' id='word_1_134' title='bbox 265 1422 458 1491; x_wconf 86' lang='grc' dir='ltr'>σφόδρα</span> <span class='ocrx_word' id='word_1_135' title='bbox 484 1446 539 1488; x_wconf 91' lang='grc' dir='ltr'>γε</span> <span class='ocrx_word' id='word_1_136' title='bbox 573 1424 781 1486; x_wconf 77' lang='grc' dir='ltr'>ἤνθησεν</span> <span class='ocrx_word' id='word_1_137' title='bbox 805 1424 878 1473; x_wconf 78' lang='grc' dir='ltr'>ἐπὶ</span> <span class='ocrx_word' id='word_1_138' title='bbox 910 1427 1011 1476; x_wconf 86' lang='grc' dir='ltr'>ταῖς</span> <span class='ocrx_word' id='word_1_139' title='bbox 1049 1424 1257 1480; x_wconf 86' lang='grc' dir='ltr'>ἐλπίσιν,</span> <span class='ocrx_word' id='word_1_140' title='bbox 1286 1421 1345 1473; x_wconf 75' lang='grc' dir='ltr'>ἂν</span> <span class='ocrx_word' id='word_1_141' title='bbox 1370 1423 1504 1490; x_wconf 83' lang='grc' dir='ltr'>τύχῃ,</span> <span class='ocrx_word' id='word_1_142' title='bbox 1529 1427 1596 1491; x_wconf 75' lang='grc' dir='ltr'>τῷ</span> <span class='ocrx_word' id='word_1_143' title='bbox 1633 1422 1789 1492; x_wconf 76' lang='grc' dir='ltr'>χρόνῳ</span> 
     </span>
     <span class='ocr_line' id='line_1_17' title="bbox 266 1504 1786 1574; baseline 0.001 -17"><span class='ocrx_word' id='word_1_144' title='bbox 266 1506 316 1557; x_wconf 79' lang='grc' dir='ltr'>δὲ</span> <span class='ocrx_word' id='word_1_145' title='bbox 354 1511 569 1574; x_wconf 84' lang='grc' dir='ltr'>φωρᾶται</span> <span class='ocrx_word' id='word_1_146' title='bbox 609 1508 684 1556; x_wconf 76' lang='grc' dir='ltr'>καὶ</span> <span class='ocrx_word' id='word_1_147' title='bbox 721 1508 826 1571; x_wconf 75' lang='grc' dir='ltr'>περὶ</span> <span class='ocrx_word' id='word_1_148' title='bbox 865 1504 985 1556; x_wconf 80' lang='grc' dir='ltr'>αὑτὰ</span> <span class='ocrx_word' id='word_1_149' title='bbox 1024 1510 1254 1571; x_wconf 85' lang='grc' dir='ltr'>καταρρεῖ.</span> <span class='ocrx_word' id='word_1_150' title='bbox 1295 1504 1458 1571; x_wconf 78' lang='grc' dir='ltr'>ὥσπερ</span> <span class='ocrx_word' id='word_1_151' title='bbox 1494 1505 1587 1571; x_wconf 80' lang='grc' dir='ltr'>γὰρ</span> <span class='ocrx_word' id='word_1_152' title='bbox 1626 1507 1786 1564; x_wconf 80' lang='grc' dir='ltr'>οἰκίας,</span> 
     </span>
     <span class='ocr_line' id='line_1_18' title="bbox 265 1588 1817 1654; baseline 0.001 -13"><span class='ocrx_word' id='word_1_153' title='bbox 265 1588 406 1654; x_wconf 80' lang='grc' dir='ltr'>οἶμαι,</span> <span class='ocrx_word' id='word_1_154' title='bbox 440 1592 516 1640; x_wconf 80' lang='grc' dir='ltr'>καὶ</span> <span class='ocrx_word' id='word_1_155' title='bbox 548 1590 720 1641; x_wconf 87' lang='grc' dir='ltr'>πλοίου</span> <span class='ocrx_word' id='word_1_156' title='bbox 759 1591 835 1640; x_wconf 85' lang='grc' dir='ltr'>καὶ</span> <span class='ocrx_word' id='word_1_157' title='bbox 872 1593 967 1640; x_wconf 83' lang='grc' dir='ltr'>τῶν</span> <span class='ocrx_word' id='word_1_158' title='bbox 1005 1589 1173 1640; x_wconf 77' lang='grc' dir='ltr'>ἄλλων</span> <span class='ocrx_word' id='word_1_159' title='bbox 1211 1594 1305 1640; x_wconf 86' lang='grc' dir='ltr'>τῶν</span> <span class='ocrx_word' id='word_1_160' title='bbox 1342 1589 1564 1640; x_wconf 84' lang='grc' dir='ltr'>τοιούτων</span> <span class='ocrx_word' id='word_1_161' title='bbox 1599 1589 1659 1641; x_wconf 77' lang='grc' dir='ltr'>τὰ</span> <span class='ocrx_word' id='word_1_162' title='bbox 1698 1588 1817 1644; x_wconf 70' lang='grc' dir='ltr'>κοί-5</span> 
     </span>
     <span class='ocr_line' id='line_1_19' title="bbox 265 1670 1790 1742; baseline -0.001 -17"><span class='ocrx_word' id='word_1_163' title='bbox 265 1678 414 1725; x_wconf 88' lang='grc' dir='ltr'>τωθεν</span> <span class='ocrx_word' id='word_1_164' title='bbox 451 1671 771 1740; x_wconf 79' lang='grc' dir='ltr'>“ἱσχυρότατα</span> <span class='ocrx_word' id='word_1_165' title='bbox 810 1670 922 1722; x_wconf 76' lang='grc' dir='ltr'>εἶναι</span> <span class='ocrx_word' id='word_1_166' title='bbox 955 1675 1033 1734; x_wconf 85' lang='grc' dir='ltr'>δεῖ,</span> <span class='ocrx_word' id='word_1_167' title='bbox 1061 1674 1182 1723; x_wconf 79' lang='grc' dir='ltr'>οὕτω</span> <span class='ocrx_word' id='word_1_168' title='bbox 1222 1675 1297 1724; x_wconf 79' lang='grc' dir='ltr'>καὶ</span> <span class='ocrx_word' id='word_1_169' title='bbox 1331 1678 1427 1723; x_wconf 81' lang='grc' dir='ltr'>τῶν</span> <span class='ocrx_word' id='word_1_170' title='bbox 1461 1672 1681 1742; x_wconf 74' lang='grc' dir='ltr'>πράξεων</span> <span class='ocrx_word' id='word_1_171' title='bbox 1706 1673 1790 1728; x_wconf 81' lang='grc' dir='ltr'>τὰς</span> 
     </span>
     <span class='ocr_line' id='line_1_20' title="bbox 265 1755 1788 1825; baseline 0.001 -18"><span class='ocrx_word' id='word_1_172' title='bbox 265 1756 412 1825; x_wconf 81' lang='grc' dir='ltr'>ἀρχὰς</span> <span class='ocrx_word' id='word_1_173' title='bbox 451 1759 526 1807; x_wconf 80' lang='grc' dir='ltr'>καὶ</span> <span class='ocrx_word' id='word_1_174' title='bbox 553 1755 636 1810; x_wconf 81' lang='grc' dir='ltr'>τὰς</span> <span class='ocrx_word' id='word_1_175' title='bbox 663 1756 906 1810; x_wconf 81' lang='grc' dir='ltr'>ὑποθέσεις</span> <span class='ocrx_word' id='word_1_176' title='bbox 932 1758 1121 1821; x_wconf 84' lang='grc' dir='ltr'>ἀληθεῖς</span> <span class='ocrx_word' id='word_1_177' title='bbox 1159 1759 1234 1807; x_wconf 81' lang='grc' dir='ltr'>καὶ</span> <span class='ocrx_word' id='word_1_178' title='bbox 1265 1758 1444 1812; x_wconf 82' lang='grc' dir='ltr'>δικαίας</span> <span class='ocrx_word' id='word_1_179' title='bbox 1482 1756 1596 1808; x_wconf 79' lang='grc' dir='ltr'>εἶναι</span> <span class='ocrx_word' id='word_1_180' title='bbox 1633 1781 1788 1824; x_wconf 91' lang='grc' dir='ltr'>προσ-</span> 
     </span>
     <span class='ocr_line' id='line_1_21' title="bbox 264 1840 1781 1911; baseline 0.001 -20"><span class='ocrx_word' id='word_1_181' title='bbox 264 1841 377 1905; x_wconf 88' lang='grc' dir='ltr'>ήκει.</span> <span class='ocrx_word' id='word_1_182' title='bbox 419 1846 557 1892; x_wconf 85' lang='grc' dir='ltr'>τοῦτο</span> <span class='ocrx_word' id='word_1_183' title='bbox 585 1841 633 1891; x_wconf 81' lang='grc' dir='ltr'>δὲ</span> <span class='ocrx_word' id='word_1_184' title='bbox 659 1841 742 1890; x_wconf 83' lang='grc' dir='ltr'>οὐκ</span> <span class='ocrx_word' id='word_1_185' title='bbox 769 1840 833 1890; x_wconf 70' lang='grc' dir='ltr'>ε”νι</span> <span class='ocrx_word' id='word_1_186' title='bbox 860 1846 942 1890; x_wconf 79' lang='grc' dir='ltr'>νῦν</span> <span class='ocrx_word' id='word_1_187' title='bbox 967 1842 1015 1890; x_wconf 88' lang='grc' dir='ltr'>ἐν</span> <span class='ocrx_word' id='word_1_188' title='bbox 1041 1845 1138 1893; x_wconf 84' lang='grc' dir='ltr'>τοῖς</span> <span class='ocrx_word' id='word_1_189' title='bbox 1162 1841 1509 1907; x_wconf 85' lang='grc' dir='ltr'>πεπραγμένοις</span> <span class='ocrx_word' id='word_1_190' title='bbox 1537 1843 1781 1911; x_wconf 75' lang='grc' dir='ltr'>Φιλίππῳ.</span> 
     </span>
    </p>

    <p class='ocr_par' dir='ltr' id='par_1_5' title="bbox 200 1923 1850 2251">
     <span class='ocr_line' id='line_1_22' title="bbox 200 1923 1836 1990; baseline 0 -14"><span class='ocrx_word' id='word_1_191' title='bbox 200 1943 245 1970; x_wconf 85' lang='grc'>11</span> <span class='ocrx_word' id='word_1_192' title='bbox 339 1927 468 1989; x_wconf 80' lang='grc' dir='ltr'>Φημὶ</span> <span class='ocrx_word' id='word_1_193' title='bbox 505 1924 560 1988; x_wconf 85' lang='grc' dir='ltr'>δὴ</span> <span class='ocrx_word' id='word_1_194' title='bbox 589 1927 682 1974; x_wconf 84' lang='grc' dir='ltr'>δεῖν</span> <span class='ocrx_word' id='word_1_195' title='bbox 721 1928 869 1987; x_wconf 72' lang='grc' dir='ltr'>Χυμοῖς</span> <span class='ocrx_word' id='word_1_196' title='bbox 906 1929 1032 1977; x_wconf 62' lang='grc' dir='ltr'>Υτοῖς</span> <span class='ocrx_word' id='word_1_197' title='bbox 1065 1923 1150 1987; x_wconf 77' lang='grc' dir='ltr'>μὲν</span> <span class='ocrx_word' id='word_1_198' title='bbox 1173 1925 1447 1978; x_wconf 88' lang='grc' dir='ltr'>Ὀλυνθίοις</span> <span class='ocrx_word' id='word_1_199' title='bbox 1476 1930 1680 1990; x_wconf 83' lang='grc' dir='ltr'>βοηθεῖν,</span> <span class='ocrx_word' id='word_1_200' title='bbox 1708 1927 1784 1976; x_wconf 86' lang='grc' dir='ltr'>καὶ</span> <span class='ocrx_word' id='word_1_201' title='bbox 1801 1948 1836 1970; x_wconf 91' lang='lat'>10</span> 
     </span>
     <span class='ocr_line' id='line_1_23' title="bbox 263 2006 1780 2076; baseline -0.001 -16"><span class='ocrx_word' id='word_1_202' title='bbox 263 2009 391 2063; x_wconf 78' lang='grc' dir='ltr'>ὅπως</span> <span class='ocrx_word' id='word_1_203' title='bbox 448 2032 518 2063; x_wconf 87' lang='grc' dir='ltr'>τις</span> <span class='ocrx_word' id='word_1_204' title='bbox 568 2009 697 2071; x_wconf 85' lang='grc' dir='ltr'>λέγει</span> <span class='ocrx_word' id='word_1_205' title='bbox 759 2007 1004 2058; x_wconf 88' lang='grc' dir='ltr'>κάλλιστα</span> <span class='ocrx_word' id='word_1_206' title='bbox 1055 2009 1129 2057; x_wconf 78' lang='grc' dir='ltr'>καὶ</span> <span class='ocrx_word' id='word_1_207' title='bbox 1179 2006 1399 2074; x_wconf 84' lang='grc' dir='ltr'>τάχιστα,</span> <span class='ocrx_word' id='word_1_208' title='bbox 1449 2010 1621 2062; x_wconf 80' lang='grc' dir='ltr'>Ζοὕτως</span> <span class='ocrx_word' id='word_1_209' title='bbox 1672 2009 1780 2076; x_wconf 84' lang='grc' dir='ltr'>ἀρέ-</span> 
     </span>
     <span class='ocr_line' id='line_1_24' title="bbox 262 2090 1850 2159; baseline 0.001 -15"><span class='ocrx_word' id='word_1_210' title='bbox 262 2116 368 2144; x_wconf 89' lang='grc' dir='ltr'>σκει</span> <span class='ocrx_word' id='word_1_211' title='bbox 403 2111 498 2157; x_wconf 83' lang='grc' dir='ltr'>μοι·</span> <span class='ocrx_word' id='word_1_212' title='bbox 540 2091 659 2159; x_wconf 82' lang='grc' dir='ltr'>πρὸς</span> <span class='ocrx_word' id='word_1_213' title='bbox 696 2091 744 2142; x_wconf 80' lang='grc' dir='ltr'>δὲ</span> <span class='ocrx_word' id='word_1_214' title='bbox 771 2090 1043 2145; x_wconf 76' lang='grc' dir='ltr'>Θετταλοὺς</span> <span class='ocrx_word' id='word_1_215' title='bbox 1081 2091 1341 2157; x_wconf 81' lang='grc' dir='ltr'>πρεσβείαν</span> <span class='ocrx_word' id='word_1_216' title='bbox 1366 2092 1580 2155; x_wconf 83' lang='grc' dir='ltr'>πέμπειν,</span> <span class='ocrx_word' id='word_1_217' title='bbox 1612 2093 1641 2157; x_wconf 82' lang='grc' dir='ltr'>ἢ</span> <span class='ocrx_word' id='word_1_218' title='bbox 1676 2092 1784 2147; x_wconf 72' lang='grc' dir='ltr'>τοὺς</span> <span class='ocrx_word' id='word_1_219' title='bbox 1845 2131 1850 2156; x_wconf 84' lang='grc'>,</span> 
     </span>
     <span class='ocr_line' id='line_1_25' title="bbox 261 2170 1849 2251; baseline -0.001 -24"><span class='ocrx_word' id='word_1_220' title='bbox 261 2177 347 2241; x_wconf 76' lang='grc' dir='ltr'>μὲν</span> <span class='ocrx_word' id='word_1_221' title='bbox 373 2175 551 2245; x_wconf 75' lang='grc' dir='ltr'>διδάξει</span> <span class='ocrx_word' id='word_1_222' title='bbox 588 2182 748 2238; x_wconf 85' lang='grc' dir='ltr'>ταῦτα,</span> <span class='ocrx_word' id='word_1_223' title='bbox 775 2174 882 2229; x_wconf 73' lang='grc' dir='ltr'>τοὺς</span> <span class='ocrx_word' id='word_1_224' title='bbox 920 2175 968 2227; x_wconf 77' lang='grc' dir='ltr'>δὲ</span> <span class='ocrx_word' id='word_1_225' title='bbox 1005 2175 1273 2243; x_wconf 81' lang='grc' dir='ltr'>παροξυνεῖ·</span> <span class='ocrx_word' id='word_1_226' title='bbox 1317 2178 1392 2226; x_wconf 79' lang='grc' dir='ltr'>καὶ</span> <span class='ocrx_word' id='word_1_227' title='bbox 1421 2175 1515 2243; x_wconf 78' lang='grc' dir='ltr'>γὰρ</span> <span class='ocrx_word' id='word_1_228' title='bbox 1550 2182 1632 2227; x_wconf 84' lang='grc' dir='ltr'>νῦν</span> <span class='ocrx_word' id='word_1_229' title='bbox 1664 2178 1784 2227; x_wconf 78' lang='grc' dir='ltr'>εἰσὶν</span> <span class='ocrx_word' id='word_1_230' title='bbox 1843 2170 1849 2251; x_wconf 66' lang='grc' dir='ltr'><em>ἕ</em></span> 
     </span>
    </p>
   </div>
   <div class='ocr_carea' id='block_1_3' title="bbox 940 2257 993 2286">
    <p class='ocr_par' dir='ltr' id='par_1_6' title="bbox 940 2257 993 2286">
     <span class='ocr_line' id='line_1_26' title="bbox 940 2257 993 2286; baseline 0 -12"><span class='ocrx_word' id='word_1_231' title='bbox 940 2257 959 2286; x_wconf 84' lang='lat' dir='ltr'>b</span> <span class='ocrx_word' id='word_1_232' title='bbox 984 2260 993 2274; x_wconf 74' lang='grc'><strong>9</strong></span> 
     </span>
    </p>
   </div>
   <div class='ocr_carea' id='block_1_4' title="bbox 261 2253 1847 2330">
    <p class='ocr_par' dir='ltr' id='par_1_7' title="bbox 261 2253 1847 2330">
     <span class='ocr_line' id='line_1_27' title="bbox 261 2253 1847 2330; baseline -0.003 -19"><span class='ocrx_word' id='word_1_233' title='bbox 261 2260 583 2330; x_wconf 77' lang='grc' dir='ltr'>ἐψηφισμένοι</span> <span class='ocrx_word' id='word_1_234' title='bbox 628 2257 896 2324; x_wconf 70' lang='grc' dir='ltr'>ξιΠαγασόις</span> <span class='ocrx_word' id='word_1_235' title='bbox 967 2263 1179 2309; x_wconf 83' lang='grc' dir='ltr'>απαιτεῖν</span> <span class='ocrx_word' id='word_1_236' title='bbox 1224 2259 1300 2309; x_wconf 79' lang='grc' dir='ltr'>καὶ</span> <span class='ocrx_word' id='word_1_237' title='bbox 1340 2260 1445 2323; x_wconf 78' lang='grc' dir='ltr'>περὶ</span> <span class='ocrx_word' id='word_1_238' title='bbox 1493 2259 1782 2324; x_wconf 88' lang='grc' dir='ltr'>Μαγνησίας</span> <span class='ocrx_word' id='word_1_239' title='bbox 1798 2253 1847 2316; x_wconf 80' lang='grc' dir='ltr'>ι5Ι</span> 
     </span>
    </p>
   </div>
   <div class='ocr_carea' id='block_1_5' title="bbox 263 2447 1782 2550">
    <p class='ocr_par' dir='ltr' id='par_1_8' title="bbox 263 2447 1782 2550">
     <span class='ocr_line' id='line_1_28' title="bbox 315 2447 1782 2497; baseline -0.002 -13"><span class='ocrx_word' id='word_1_240' title='bbox 315 2455 331 2471; x_wconf 93' lang='lat'>⁰</span> <span class='ocrx_word' id='word_1_241' title='bbox 350 2451 440 2497; x_wconf 82' lang='grc' dir='ltr'>αυτῷ</span> <span class='ocrx_word' id='word_1_242' title='bbox 459 2462 528 2484; x_wconf 89' lang='lat' dir='ltr'>om.</span> <span class='ocrx_word' id='word_1_243' title='bbox 550 2450 593 2485; x_wconf 89' lang='lat' dir='ltr'>B.</span> <span class='ocrx_word' id='word_1_244' title='bbox 598 2451 637 2484; x_wconf 88' lang='lat' dir='ltr'>F.</span> <span class='ocrx_word' id='word_1_245' title='bbox 643 2450 677 2484; x_wconf 89' lang='lat' dir='ltr'>S.</span> <span class='ocrx_word' id='word_1_246' title='bbox 812 2458 832 2487; x_wconf 82' lang='grc'>1)</span> <span class='ocrx_word' id='word_1_247' title='bbox 853 2448 1058 2494; x_wconf 78' lang='grc' dir='ltr'>συμπονεῖν]</span> <span class='ocrx_word' id='word_1_248' title='bbox 1082 2450 1198 2482; x_wconf 85' lang='grc' dir='ltr'>πονεῖν</span> <span class='ocrx_word' id='word_1_249' title='bbox 1218 2447 1261 2482; x_wconf 90' lang='lat' dir='ltr'>O.</span> <span class='ocrx_word' id='word_1_250' title='bbox 1267 2460 1300 2481; x_wconf 89' lang='lat' dir='ltr'>u.</span> <span class='ocrx_word' id='word_1_251' title='bbox 1445 2451 1460 2474; x_wconf 81' lang='lat' dir='ltr'>‘l</span> <span class='ocrx_word' id='word_1_252' title='bbox 1480 2447 1652 2493; x_wconf 79' lang='grc' dir='ltr'>ἅνθρωποι</span> <span class='ocrx_word' id='word_1_253' title='bbox 1672 2447 1782 2482; x_wconf 84' lang='lat' dir='ltr'><strong>codex</strong></span> 
     </span>
     <span class='ocr_line' id='line_1_29' title="bbox 263 2500 1781 2550; baseline -0.003 -12"><span class='ocrx_word' id='word_1_254' title='bbox 263 2504 477 2538; x_wconf 72' lang='lat' dir='ltr'>Havniensis</span> <span class='ocrx_word' id='word_1_255' title='bbox 497 2504 615 2550; x_wconf 84' lang='lat' dir='ltr'>regius</span> <span class='ocrx_word' id='word_1_256' title='bbox 635 2510 724 2550; x_wconf 81' lang='lat'>415.</span> <span class='ocrx_word' id='word_1_257' title='bbox 747 2515 777 2536; x_wconf 86' lang='lat' dir='ltr'>a.</span> <span class='ocrx_word' id='word_1_258' title='bbox 813 2502 1016 2548; x_wconf 77' lang='lat' dir='ltr'>Legebatm</span> <span class='ocrx_word' id='word_1_259' title='bbox 1036 2503 1067 2535; x_wconf 83' lang='grc' dir='ltr'>οἱ</span> <span class='ocrx_word' id='word_1_260' title='bbox 1086 2501 1269 2548; x_wconf 71' lang='grc' dir='ltr'>ἅνθρωποι.</span> <span class='ocrx_word' id='word_1_261' title='bbox 1300 2502 1331 2534; x_wconf 84' lang='grc' dir='ltr'>οἱ</span> <span class='ocrx_word' id='word_1_262' title='bbox 1351 2513 1420 2535; x_wconf 88' lang='lat' dir='ltr'>om.</span> <span class='ocrx_word' id='word_1_263' title='bbox 1441 2502 1482 2535; x_wconf 90' lang='lat' dir='ltr'>A.</span> <span class='ocrx_word' id='word_1_264' title='bbox 1489 2501 1528 2535; x_wconf 91' lang='lat' dir='ltr'>B.</span> <span class='ocrx_word' id='word_1_265' title='bbox 1534 2500 1563 2535; x_wconf 88' lang='lat' dir='ltr'><strong>F</strong></span> <span class='ocrx_word' id='word_1_266' title='bbox 1567 2501 1608 2535; x_wconf 79' lang='grc' dir='ltr'>,Υ</span> <span class='ocrx_word' id='word_1_267' title='bbox 1612 2501 1667 2535; x_wconf 93' lang='grc' dir='ltr'>..Ο</span> <span class='ocrx_word' id='word_1_268' title='bbox 1674 2501 1708 2535; x_wconf 88' lang='lat' dir='ltr'>S.</span> <span class='ocrx_word' id='word_1_269' title='bbox 1712 2513 1746 2535; x_wconf 93' lang='lat' dir='ltr'>u.</span> <span class='ocrx_word' id='word_1_270' title='bbox 1749 2513 1781 2535; x_wconf 89' lang='lat' dir='ltr'>v.</span> 
     </span>
    </p>
   </div>
   <div class='ocr_carea' id='block_1_6' title="bbox 261 2412 1859 2744">
    <p class='ocr_par' dir='ltr' id='par_1_9' title="bbox 1838 2412 1859 2493">
     <span class='ocr_line' id='line_1_30' title="bbox 1838 2412 1859 2493; baseline 0 0"><span class='ocrx_word' id='word_1_271' title='bbox 1838 2412 1859 2493; x_wconf 80' lang='grc' dir='ltr'>Ι</span> 
     </span>
    </p>

    <p class='ocr_par' dir='ltr' id='par_1_10' title="bbox 1836 2498 1841 2549">
     <span class='ocr_line' id='line_1_31' title="bbox 1836 2498 1841 2549; baseline 0 -18"><span class='ocrx_word' id='word_1_272' title='bbox 1836 2498 1841 2549; x_wconf 70' lang='grc' dir='ltr'>ξ</span> 
     </span>
    </p>

    <p class='ocr_par' dir='ltr' id='par_1_11' title="bbox 261 2534 1858 2604">
     <span class='ocr_line' id='line_1_32' title="bbox 261 2534 1858 2604; baseline -0.003 -13"><span class='ocrx_word' id='word_1_273' title='bbox 261 2563 277 2582; x_wconf 74' lang='lat'>¹·</span> <span class='ocrx_word' id='word_1_274' title='bbox 295 2558 431 2604; x_wconf 83' lang='grc' dir='ltr'>μικρὸν]</span> <span class='ocrx_word' id='word_1_275' title='bbox 455 2572 510 2604; x_wconf 89' lang='grc' dir='ltr'>γρ.</span> <span class='ocrx_word' id='word_1_276' title='bbox 532 2559 572 2591; x_wconf 82' lang='grc' dir='ltr'>τὸ</span> <span class='ocrx_word' id='word_1_277' title='bbox 592 2557 697 2602; x_wconf 85' lang='grc' dir='ltr'>τυχὸν</span> <span class='ocrx_word' id='word_1_278' title='bbox 718 2557 758 2590; x_wconf 88' lang='lat' dir='ltr'>B.</span> <span class='ocrx_word' id='word_1_279' title='bbox 763 2557 802 2590; x_wconf 88' lang='lat' dir='ltr'>F.</span> <span class='ocrx_word' id='word_1_280' title='bbox 824 2557 919 2602; x_wconf 90' lang='lat' dir='ltr'>quod</span> <span class='ocrx_word' id='word_1_281' title='bbox 939 2568 981 2590; x_wconf 80' lang='lat' dir='ltr'>ex</span> <span class='ocrx_word' id='word_1_282' title='bbox 1001 2568 1035 2601; x_wconf 85' lang='lat' dir='ltr'>p.</span> <span class='ocrx_word' id='word_1_283' title='bbox 1056 2562 1140 2603; x_wconf 77' lang='lat'>154,</span> <span class='ocrx_word' id='word_1_284' title='bbox 1172 2566 1185 2589; x_wconf 91' lang='lat'>1</span> <span class='ocrx_word' id='word_1_285' title='bbox 1198 2565 1230 2588; x_wconf 88' lang='lat'>2.</span> <span class='ocrx_word' id='word_1_286' title='bbox 1248 2560 1440 2600; x_wconf 86' lang='lat' dir='ltr'><strong>sumptum.</strong></span> <span class='ocrx_word' id='word_1_287' title='bbox 1571 2559 1585 2579; x_wconf 77' lang='lat' dir='ltr'>S</span> <span class='ocrx_word' id='word_1_288' title='bbox 1608 2555 1667 2588; x_wconf 79' lang='grc' dir='ltr'>οὐκ</span> <span class='ocrx_word' id='word_1_289' title='bbox 1686 2555 1782 2588; x_wconf 83' lang='grc' dir='ltr'>ἔστιν</span> <span class='ocrx_word' id='word_1_290' title='bbox 1834 2534 1858 2584; x_wconf 96' lang='grc' dir='ltr'>Ι</span> 
     </span>
    </p>

    <p class='ocr_par' dir='ltr' id='par_1_12' title="bbox 262 2585 1858 2744">
     <span class='ocr_line' id='line_1_33' title="bbox 262 2585 1858 2744; baseline -0.003 -65"><span class='ocrx_word' id='word_1_291' title='bbox 262 2657 331 2679; x_wconf 87' lang='lat' dir='ltr'>om.</span> <span class='ocrx_word' id='word_1_292' title='bbox 352 2657 405 2691; x_wconf 86' lang='lat' dir='ltr'>pr.</span> <span class='ocrx_word' id='word_1_293' title='bbox 428 2645 471 2679; x_wconf 92' lang='grc' dir='ltr'>Ο.</span> <span class='ocrx_word' id='word_1_294' title='bbox 584 2642 598 2668; x_wconf 62' lang='lat' dir='ltr'>t</span> <span class='ocrx_word' id='word_1_295' title='bbox 617 2645 678 2688; x_wconf 82' lang='grc' dir='ltr'>μὲν</span> <span class='ocrx_word' id='word_1_296' title='bbox 698 2656 767 2678; x_wconf 89' lang='lat' dir='ltr'>om.</span> <span class='ocrx_word' id='word_1_297' title='bbox 789 2656 820 2677; x_wconf 87' lang='lat' dir='ltr'>v.</span> <span class='ocrx_word' id='word_1_298' title='bbox 920 2648 934 2664; x_wconf 85' lang='lat'>¹¹</span> <span class='ocrx_word' id='word_1_299' title='bbox 958 2641 1183 2705; x_wconf 77' lang='grc' dir='ltr'>ἰσχυρότατα]</span> <span class='ocrx_word' id='word_1_300' title='bbox 1217 2612 1427 2687; x_wconf 53' lang='grc' dir='ltr'>ι’σχυροτιῗιῖῑ</span> <span class='ocrx_word' id='word_1_301' title='bbox 1448 2641 1490 2675; x_wconf 86' lang='grc' dir='ltr'>Β.</span> <span class='ocrx_word' id='word_1_302' title='bbox 1495 2641 1532 2674; x_wconf 90' lang='lat' dir='ltr'>F.</span> <span class='ocrx_word' id='word_1_303' title='bbox 1574 2641 1782 2687; x_wconf 84' lang='grc' dir='ltr'>ἶσχυρότερα</span> <span class='ocrx_word' id='word_1_304' title='bbox 1831 2585 1858 2744; x_wconf 81' lang='grc' dir='ltr'>,Ι-</span> 
     </span>
     <span class='ocr_line' id='line_1_34' title="bbox 1040 2695 1056 2723; baseline 0 0"><span class='ocrx_word' id='word_1_305' title='bbox 1040 2695 1056 2723; x_wconf 77' lang='grc' dir='ltr'>ὑ</span> 
     </span>
    </p>
   </div>
   <div class='ocr_carea' id='block_1_7' title="bbox 262 2735 1781 2818">
    <p class='ocr_par' dir='ltr' id='par_1_13' title="bbox 262 2735 1781 2818">
     <span class='ocr_line' id='line_1_35' title="bbox 262 2735 1781 2818; baseline -0.003 -43"><span class='ocrx_word' id='word_1_306' title='bbox 262 2740 471 2775; x_wconf 84' lang='lat' dir='ltr'><strong>A.Y.O.u.v.</strong></span> <span class='ocrx_word' id='word_1_307' title='bbox 602 2746 621 2765; x_wconf 74' lang='grc' dir='ltr'>Χ</span> <span class='ocrx_word' id='word_1_308' title='bbox 651 2740 754 2787; x_wconf 79' lang='grc' dir='ltr'>ὑμᾶς]</span> <span class='ocrx_word' id='word_1_309' title='bbox 780 2740 866 2784; x_wconf 76' lang='grc' dir='ltr'>ἡμᾶς</span> <span class='ocrx_word' id='word_1_310' title='bbox 888 2740 923 2774; x_wconf 92' lang='lat' dir='ltr'>S.</span> <span class='ocrx_word' id='word_1_311' title='bbox 929 2752 963 2773; x_wconf 91' lang='lat' dir='ltr'>u.</span> <span class='ocrx_word' id='word_1_312' title='bbox 969 2751 1000 2773; x_wconf 82' lang='lat' dir='ltr'>v.</span> <span class='ocrx_word' id='word_1_313' title='bbox 1032 2738 1117 2783; x_wconf 78' lang='grc' dir='ltr'>ἡμᾶς</span> <span class='ocrx_word' id='word_1_314' title='bbox 1138 2739 1178 2773; x_wconf 88' lang='lat' dir='ltr'>B.</span> <span class='ocrx_word' id='word_1_315' title='bbox 1184 2739 1222 2773; x_wconf 87' lang='lat' dir='ltr'>F.</span> <span class='ocrx_word' id='word_1_316' title='bbox 1347 2743 1364 2767; x_wconf 57' lang='grc' dir='ltr'>ἃ</span> <span class='ocrx_word' id='word_1_317' title='bbox 1383 2737 1473 2784; x_wconf 85' lang='grc' dir='ltr'>τοῖς]</span> <span class='ocrx_word' id='word_1_318' title='bbox 1500 2735 1735 2818; x_wconf 48' lang='lat' dir='ltr'>LegebatUrS&#39;⁷</span> <span class='ocrx_word' id='word_1_319' title='bbox 1713 2751 1781 2781; x_wconf 84' lang='grc' dir='ltr'>αμα</span> 
     </span>
    </p>
   </div>
   <div class='ocr_carea' id='block_1_8' title="bbox 261 2822 1833 2990">
    <p class='ocr_par' dir='ltr' id='par_1_14' title="bbox 261 2822 1833 2990">
     <span class='ocr_line' id='line_1_36' title="bbox 261 2822 1833 2882; baseline -0.003 -12"><span class='ocrx_word' id='word_1_320' title='bbox 261 2838 344 2871; x_wconf 84' lang='grc' dir='ltr'>τοῖς.</span> <span class='ocrx_word' id='word_1_321' title='bbox 366 2835 434 2880; x_wconf 83' lang='grc' dir='ltr'>ἅμα</span> <span class='ocrx_word' id='word_1_322' title='bbox 454 2849 524 2871; x_wconf 88' lang='lat' dir='ltr'>om.</span> <span class='ocrx_word' id='word_1_323' title='bbox 549 2837 584 2871; x_wconf 90' lang='lat' dir='ltr'>S.</span> <span class='ocrx_word' id='word_1_324' title='bbox 606 2849 712 2882; x_wconf 84' lang='lat' dir='ltr'><strong>supra</strong></span> <span class='ocrx_word' id='word_1_325' title='bbox 730 2848 869 2871; x_wconf 82' lang='lat' dir='ltr'><strong>versum</strong></span> <span class='ocrx_word' id='word_1_326' title='bbox 888 2842 1027 2882; x_wconf 84' lang='lat' dir='ltr'>ponunt</span> <span class='ocrx_word' id='word_1_327' title='bbox 1048 2836 1136 2870; x_wconf 70' lang='lat' dir='ltr'>RF.</span> <span class='ocrx_word' id='word_1_328' title='bbox 1226 2840 1244 2859; x_wconf 80' lang='grc' dir='ltr'><strong><em>Ζ</em></strong></span> <span class='ocrx_word' id='word_1_329' title='bbox 1265 2833 1389 2880; x_wconf 77' lang='grc' dir='ltr'>οὕτως]</span> <span class='ocrx_word' id='word_1_330' title='bbox 1417 2832 1517 2869; x_wconf 81' lang='grc' dir='ltr'>οὗτος</span> <span class='ocrx_word' id='word_1_331' title='bbox 1537 2833 1580 2868; x_wconf 93' lang='lat' dir='ltr'>Y</span> <span class='ocrx_word' id='word_1_332' title='bbox 1611 2832 1717 2868; x_wconf 78' lang='grc' dir='ltr'>οὕτως</span> <span class='ocrx_word' id='word_1_333' title='bbox 1738 2832 1779 2866; x_wconf 88' lang='grc' dir='ltr'>Β.</span> <span class='ocrx_word' id='word_1_334' title='bbox 1827 2822 1833 2876; x_wconf 69' lang='grc' dir='ltr'>Ι</span> 
     </span>
     <span class='ocr_line' id='line_1_37' title="bbox 262 2877 1831 2963; baseline -0.003 -40"><span class='ocrx_word' id='word_1_335' title='bbox 262 2895 281 2914; x_wconf 69' lang='lat' dir='ltr'>a</span> <span class='ocrx_word' id='word_1_336' title='bbox 300 2890 484 2936; x_wconf 85' lang='grc' dir='ltr'>Παγασὰς]</span> <span class='ocrx_word' id='word_1_337' title='bbox 506 2891 663 2936; x_wconf 81' lang='grc' dir='ltr'>παγάσας</span> <span class='ocrx_word' id='word_1_338' title='bbox 686 2891 721 2931; x_wconf 88' lang='lat' dir='ltr'>S,</span> <span class='ocrx_word' id='word_1_339' title='bbox 742 2896 782 2923; x_wconf 81' lang='lat' dir='ltr'>ut</span> <span class='ocrx_word' id='word_1_340' title='bbox 797 2891 897 2931; x_wconf 85' lang='lat' dir='ltr'><strong>solet,</strong></span> <span class='ocrx_word' id='word_1_341' title='bbox 919 2896 953 2924; x_wconf 82' lang='lat' dir='ltr'>et</span> <span class='ocrx_word' id='word_1_342' title='bbox 975 2890 1015 2924; x_wconf 86' lang='lat' dir='ltr'>B.</span> <span class='ocrx_word' id='word_1_343' title='bbox 1033 2890 1093 2935; x_wconf 88' lang='lat' dir='ltr'>qui</span> <span class='ocrx_word' id='word_1_344' title='bbox 1113 2889 1177 2923; x_wconf 86' lang='lat' dir='ltr'>Sibi</span> <span class='ocrx_word' id='word_1_345' title='bbox 1197 2900 1269 2922; x_wconf 92' lang='lat' dir='ltr'>non</span> <span class='ocrx_word' id='word_1_346' title='bbox 1289 2893 1437 2922; x_wconf 79' lang='lat' dir='ltr'><strong>constat.</strong></span> <span class='ocrx_word' id='word_1_347' title='bbox 1566 2883 1586 2911; x_wconf 79' lang='lat' dir='ltr'>b</span> <span class='ocrx_word' id='word_1_348' title='bbox 1605 2885 1775 2932; x_wconf 78' lang='grc' dir='ltr'>ἀπαιτεῖν]</span> <span class='ocrx_word' id='word_1_349' title='bbox 1825 2877 1831 2963; x_wconf 67' lang='lat'><em>,</em></span> 
     </span>
     <span class='ocr_line' id='line_1_38' title="bbox 262 2942 1195 2990; baseline 0 -14"><span class='ocrx_word' id='word_1_350' title='bbox 262 2942 414 2977; x_wconf 79' lang='grc' dir='ltr'>ἀπαιτεῖν</span> <span class='ocrx_word' id='word_1_351' title='bbox 433 2944 536 2977; x_wconf 81' lang='grc' dir='ltr'>αὐτὸν</span> <span class='ocrx_word' id='word_1_352' title='bbox 556 2944 686 2978; x_wconf 80' lang='lat' dir='ltr'><strong>A.F.Y.</strong></span> <span class='ocrx_word' id='word_1_353' title='bbox 716 2959 772 2990; x_wconf 87' lang='grc' dir='ltr'>γρ.</span> <span class='ocrx_word' id='word_1_354' title='bbox 789 2944 841 2977; x_wconf 81' lang='grc' dir='ltr'>καὶ</span> <span class='ocrx_word' id='word_1_355' title='bbox 860 2943 1012 2977; x_wconf 80' lang='grc' dir='ltr'>ἀπαιτεῖν</span> <span class='ocrx_word' id='word_1_356' title='bbox 1032 2943 1134 2977; x_wconf 81' lang='grc' dir='ltr'>αὐτὸν</span> <span class='ocrx_word' id='word_1_357' title='bbox 1156 2943 1195 2976; x_wconf 88' lang='grc' dir='ltr'>Β.</span> 
     </span>
    </p>
   </div>
   <div class='ocr_carea' id='block_1_9' title="bbox 1852 472 1882 3250">
    <p class='ocr_par' dir='ltr' id='par_1_15' title="bbox 1852 472 1882 3250">
     <span class='ocr_line' id='line_1_39' title="bbox 1852 472 1882 3250; baseline 0 0"><span class='ocrx_word' id='word_1_358' title='bbox 1852 472 1882 3250; x_wconf 95' lang='lat' dir='ltr'> </span> 
     </span>
    </p>
   </div>
   <div class='ocr_carea' id='block_1_10' title="bbox 1818 2988 1842 3250">
    <p class='ocr_par' dir='ltr' id='par_1_16' title="bbox 1818 2988 1842 3250">
     <span class='ocr_line' id='line_1_40' title="bbox 1824 2988 1829 3017; baseline 0 0"><span class='ocrx_word' id='word_1_359' title='bbox 1824 2988 1829 3017; x_wconf 78' lang='grc'><strong><em>,</em></strong></span> 
     </span>
     <span class='ocr_line' id='line_1_41' title="bbox 1820 3029 1827 3136; baseline 0 0"><span class='ocrx_word' id='word_1_360' title='bbox 1820 3029 1827 3136; x_wconf 73' lang='lat' dir='ltr'>i</span> 
     </span>
     <span class='ocr_line' id='line_1_42' title="bbox 1818 3141 1842 3250; baseline 0 0"><span class='ocrx_word' id='word_1_361' title='bbox 1818 3141 1842 3250; x_wconf 73' lang='grc' dir='ltr'>Ι...</span> 
     </span>
    </p>
   </div>
  </div>
 </body>
</html>
