1930 3266
11 258 17 264 ι
52 205 149 249 312,
166 212 199 238 9.
568 197 694 235 ΠΕΡΙ
725 199 835 236 TOT
867 199 1172 236 ΣΤΕΦΑΝΟΎ.
1545 197 1629 237 327

119 306 387 372 θεωρήσατε
425 314 446 342 g
462 307 562 376 ὅσῳ
597 307 709 358 11καὶ
747 308 1065 373 ἀληθέστερον
1103 309 1177 357 καὶ
1217 308 1630 372 ἀνθρωπινώτερον

22 389 210 456 316ἐγὼ
234 393 338 456 περὶ
364 394 445 453 τῆς
471 390 614 457 τύχης
639 390 823 441 ἰτούτου
845 389 1263 457 Ιςδιαλεχθήσομαι.
1305 390 1397 453 ἐγὼ
1424 389 1508 453 τὴν
1530 388 1630 451 1μὲν

117 477 199 537 τῆς
237 473 420 526 πόλεως
457 473 603 540 τύχην
637 472 820 539 ἀγαθὴν
845 474 1099 538 ΠἸἡγοῦμαι,
1126 476 1201 523 καὶ
1236 474 1397 523 ”ww
1427 474 1519 537 ὁρῶ
1554 474 1628 522 καὶ
1643 499 1684 519 20

116 556 198 606 τὸν
232 556 326 606 Δία
361 556 444 606 τὸν
477 559 760 607 Δωδωναῖον
792 557 925 619 οἡμῖν
964 555 1318 618 μαντευόμενον,
1352 554 1436 617 τὴν
1475 555 1630 617 με’ντοι

115 644 209 690 τῶν
228 638 445 691 Ρπάντων
471 640 744 705 ἀνθρώπων,
766 639 795 702 ἢ
824 645 904 690 νῦν
925 639 1089 706 ἐπέχει,
1116 638 1332 706 χαλεπὴν
1359 641 1432 689 καὶ
1460 637 1627 701 δεινήν·

153 724 164 741 Ι
259 722 272 740 Χ
333 724 343 738 R
477 723 488 738 Ι
616 722 632 740 ὖ
704 725 714 741 Ι
917 723 929 737 Ι
1096 725 1105 738 )
1297 728 1316 736 Α
1503 727 1522 736 Λ
1594 725 1603 738 ²

115 746 184 776 τις
215 747 306 788 γαρ
349 727 585 787 Ελληνων
611 748 639 786 η
666 746 734 777 τις
766 728 1025 790 βαρβαρων
1057 746 1109 773 ου
1147 730 1347 774 πολλων
1375 733 1555 773 (ἰκακων
1581 746 1628 773 εν
1643 746 1680 776 25

22 810 181 875 317T95
219 806 441 872 ιΓπαρόντι
479 808 784 871 πεπείραται;
836 808 890 857 τὸ
929 807 1012 870 μὲν
1050 809 1204 858 τοίνυν
1241 807 1531 872 προελέσθαι
1569 806 1629 857 τὰ

115 890 358 941 κάλλιστα
397 892 472 940 καὶ
510 889 564 940 τὸ
599 895 693 941 τῶν
732 892 979 954 οἰηθέντων
1012 889 1278 954 Ἑλλήνων,
1314 894 1350 939 εἰ
1386 889 1629 954 Ξπρόοιντο

113 975 274 1038 ἵὴμᾶς,
318 975 404 1024 Πέν
447 974 712 1042 εὐδαιμονίᾳ
757 974 942 1042 διάξειν,
987 973 1199 1025 Χτούτων
1245 975 1397 1023 αὐτῶν
1442 973 1630 1036 ἄμεινον

113 1057 333 1124 πράττειν
365 1060 447 1121 τῆς
481 1059 660 1121 ἀγαθῆς
694 1057 838 1124 τύχης
875 1061 957 1120 τῆς
990 1056 1174 1110 πόλεως
1209 1055 1322 1107 εἶναι
1358 1057 1531 1119 τίθημι·
1575 1054 1629 1107 τὸ

115 1143 163 1195 δὲ
187 1149 517 1210 προσκροῦσαι
543 1145 616 1193 καὶ
643 1143 732 1206 Υμὴ
757 1142 893 1193 πάνθ’
923 1145 1010 1195 Ζὼς
1035 1142 1316 1205 ἠβουλόμεθ
1346 1142 1479 1204 ἃὴμΐν
1505 1164 1629 1204 συμ-
1642 1169 1725 1209 312

113 1229 254 1290 βῆναι
287 1228 369 1289 τῆς
401 1230 496 1276 τῶν
529 1225 694 1275 ἄλλων
725 1224 986 1290 ἀνθρώπων
1011 1226 1155 1291 τύχης
1180 1224 1234 1275 τὸ
1261 1224 1527 1286 ἐπιβάλλον
1554 1226 1626 1291 ἐφ’

113 1309 233 1373 ἡμᾶς
260 1307 424 1374 ι’μέρος
458 1307 786 1376 μετειληφέναι
813 1308 980 1374 νομίζω
1007 1307 1092 1372 τὴν
1117 1307 1272 1359 πόλιν.
1330 1307 1415 1372 τὴν
1443 1309 1479 1358 δ’
1509 1308 1628 1358 ἰδίαν

112 1393 259 1459 τύχην
284 1391 369 1455 τὴν
395 1390 509 1455 ε’μὴν
535 1394 608 1442 καὶ
635 1391 721 1455 τὴν
747 1391 847 1445 ἑνὸς
873 1392 1030 1454 οἡμῶν
1057 1391 1259 1442 ἑκάστου
1291 1393 1339 1442 ἐν
1372 1396 1467 1445 τοῖς
1499 1392 1658 1450 ἰδίοις5

1211 1474 1222 1491 N
1290 1472 1304 1499 f
1342 1475 1360 1496 ς

19 1475 337 1545 318ἐξετάζειν
375 1474 577 1526 (ἱδίκαιον
616 1473 753 1525 Εεῖναι
793 1474 974 1540 νομίζω.
1037 1474 1128 1540 ἐγὼ
1166 1498 1250 1537 μεν
1308 1498 1388 1524 ουν
1426 1476 1627 1525 ἔοὑτωσὶ

110 1562 215 1625 περὶ
253 1562 335 1623 τῆς
373 1558 554 1625 1Ῑτύχης
599 1559 730 1626 ἀξιῶ,
770 1560 919 1624 ὀρθῶς
961 1562 1036 1609 καὶ
1081 1559 1279 1619 δικαίως,
1317 1557 1406 1611 Ῐὼς
1444 1559 1628 1626 ἐμαυτῷ

110 1646 243 1704 δοκῶ,
284 1641 451 1707 νομίζω
491 1640 539 1691 δὲ
577 1643 651 1691 καὶ
692 1639 848 1703 Ιςὑμῖν·
899 1642 923 1690 ὁ
962 1640 1011 1691 δὲ
1052 1639 1162 1704 1τὴν
1202 1641 1320 1690 ἰδίαν
1358 1640 1505 1706 τύχην
1543 1639 1629 1704 τὴν

109 1725 222 1790 ἐμὴν
255 1728 338 1789 τῆς
375 1728 528 1788 κοινῆς
561 1727 644 1787 τῆς
681 1723 865 1777 πόλεως
903 1724 1183 1790 κυριωτέραν
1221 1722 1339 1774 εἶναι’
1372 1728 1510 1792 φησι,
1542 1723 1627 1788 τὴν

164 1913 180 1935 g
203 1908 291 1955 ὅσῳ]
316 1908 400 1942 ὅσον
419 1909 453 1942 k.
592 1905 613 1932 h
633 1909 685 1941 καὶ
704 1907 953 1954 ἀληθέστερον]
978 1908 1182 1952 δικαιότερον
1202 1907 1312 1939 A.k.s.
1451 1902 1460 1928 i
1480 1903 1621 1950 τούτου]

110 1963 213 1996 αὐτοῦ
232 1974 297 2007 ps.
398 1959 419 1987 Β
441 1961 727 2006 διαλεχθήσομαι]
753 1962 948 2006 διαλέξομαι
968 1961 1048 2006 Y.p.
1070 1966 1104 1995 et
1123 1975 1178 2005 γρ.
1197 1960 1239 1998 Q.
1338 1955 1348 1982 Ῑ
1368 1959 1428 2002 μὲν
1449 1970 1517 1992 om.
1539 1958 1623 1991 A.F.

112 2014 177 2050 S.s.
198 2016 234 2049 in
253 2029 306 2060 γρ.
327 2015 432 2049 habet
453 2015 497 2053 Q.
632 2020 660 2038 u]
682 2015 825 2060 ἡγοῦμαι
845 2027 914 2048 0111.
936 2015 980 2054 Q.
1111 2018 1124 2032 ²¹
1147 2012 1258 2058 ταῦθ’]
1284 2011 1377 2045 τοῦθ’
1397 2011 1623 2046 Y.O.r.s.u.v.

0 1794 8 2141 ἰ
110 2108 128 2127 ⁰
147 2102 224 2147 ἡμῖν
244 2103 329 2141 Q.k.
359 2078 436 2145 ύμῖν
457 2102 494 2135 F.
525 2102 602 2145 ὑμῖν
622 2102 739 2147 vulgo.
782 2103 866 2135 Post
886 2100 1015 2135 Πύθιον
1035 2101 1135 2147 ponit
1156 2113 1184 2135 S.
1232 2099 1338 2138 Quod
1357 2106 1436 2144 post
1457 2098 1533 2142 ἡμῖν
1555 2099 1623 2141 (vel

0 2143 8 2254 i
109 2156 200 2200 ὑμῖν)
220 2155 402 2201 legebatur
423 2156 475 2188 καὶ
497 2156 556 2188 τὸν
575 2154 737 2188 Ἀπόλλω
757 2156 815 2188 τὸν
835 2153 975 2196 Πύθιον,
998 2167 1066 2188 om.
1091 2154 1174 2192 S.Q.
1192 2167 1199 2187 ε
1234 2153 1271 2186 in
1290 2165 1400 2198 marg.
1422 2158 1560 2198 ponunt
1579 2152 1621 2186 A.

111 2209 169 2252 (de
189 2221 258 2254 quo
277 2208 386 2242 tacuit
407 2208 585 2252 Reiskius)
610 2210 644 2242 k.
667 2214 701 2242 et
727 2221 745 2242 a
773 2221 820 2242 m.
841 2208 1080 2242 recentissima
1101 2208 1136 2241 S.
1185 2207 1294 2240 Abest
1320 2206 1423 2239 etiam
1445 2218 1464 2239 a
1486 2206 1539 2246 B„
1561 2206 1623 2239 sed

110 2262 284 2308 adscripto
308 2262 345 2295 in
367 2274 477 2307 marg.
500 2262 559 2305 (ad
579 2262 783 2306 δωδωναῖον)
803 2276 858 2307 γρ.
879 2262 938 2294 τὸν
961 2262 1102 2295 ἀπόλλω
1128 2261 1187 2293 τὸν
1209 2258 1341 2293 πύθιον.
1392 2259 1559 2293 Ceterum
1578 2259 1620 2292 A.

109 2315 282 2356 ἀπολλωῦ,
302 2315 325 2348 i.
339 2327 368 2348 e.
389 2314 584 2348 ἀπόλλωνα.
719 2321 737 2348 Ρ
758 2315 907 2360 πάντων]
932 2313 1086 2348 ἁπάντων
1106 2314 1186 2359 Y.p.
1209 2325 1279 2347 om.
1300 2325 1327 2346 r.
1459 2325 1471 2338 ⁴·
1494 2311 1616 2357 κακῶν]

110 2371 216 2402 κακῶν
235 2370 287 2402 καὶ
305 2368 463 2413 μεγάλων
482 2369 626 2402 A.k.r.s.
834 2374 848 2392 Γ
867 2370 1010 2413 παρόντι
1031 2367 1189 2405 F.S.Q.s.
1220 2367 1360 2411 παρόντι
1381 2367 1482 2412 καιρῷ
1499 2366 1618 2410 vulgo.

0 2660 10 2775 ἶ

111 2426 125 2446 S
145 2422 323 2467 πρόοιντο]
348 2423 504 2466 προεῖντο
525 2421 672 2456 O.r.s.u.
694 2427 728 2455 et
749 2428 925 2455 correctus
944 2433 976 2455 V.
1005 2422 1162 2466 πρόειντο
1181 2426 1248 2465 p.t.
1315 2418 1330 2443 t
1349 2418 1450 2464 ἡμᾶς]
1476 2419 1560 2461 ὑμᾶς
1580 2419 1619 2453 F.

1135 2483 1184 2501 0113

109 2505 131 2525 ¹1
150 2500 201 2546 ἐν]
225 2498 264 2534 ἂν
283 2500 318 2534 ἐν
338 2500 382 2539 Q.
485 2506 503 2525 Χ
523 2501 653 2534 τούτων
673 2501 801 2547 αὐτῶν]
827 2501 935 2534 αὐτῶν
957 2500 1040 2538 S.Q.
1070 2500 1180 2533 αὐτων
1205 2499 1243 2532 F.
1274 2499 1395 2533 αὐτοὺς
1412 2513 1468 2543 γρ.
1493 2498 1527 2531 S.
1559 2498 1617 2531 αὐ-

109 2556 175 2587 τῶν
194 2554 325 2588 ἐκείνων
345 2553 605 2599 Y.O.p.r.t.u.v.
627 2560 662 2588 et
680 2569 734 2599 γρ.
752 2554 796 2592 Q.
900 2561 917 2589 J·
939 2553 1000 2597 μὴ]
1024 2553 1062 2586 τὸ
1082 2553 1126 2596 μὴ
1146 2553 1181 2585 k.
1286 2559 1301 2576 Z
1322 2551 1382 2597 ὡς]
1408 2552 1473 2584 ὅσα
1494 2551 1619 2585 A.Y.k.

109 2618 202 2652 p.r.S.
224 2612 258 2641 et
277 2621 332 2652 γρ.
351 2607 437 2646 F.Q.
525 2613 543 2632 a
563 2608 654 2653 ἡμῖν]
681 2607 757 2650 ὑμῖν
778 2607 818 2641 F.
913 2602 932 2630 b
953 2607 1053 2651 μέρος
1073 2618 1142 2639 om.
1159 2605 1269 2639 A.k.S.
1358 2610 1373 2628 ⁰
1394 2604 1501 2649 ἡμῶν]
1528 2604 1619 2647 ὑμῶν

107 2660 385 2706 A.Y.Q.k.p.r.s.
502 2657 520 2684 d
540 2659 826 2704 δίκαιον-τύχης
846 2660 1010 2704 ἐξετάζειν
1029 2671 1097 2692 om.
1117 2671 1170 2704 pr.
1193 2671 1227 2691 u.
1336 2663 1351 2682 e
1373 2654 1455 2690 εἶναι
1475 2656 1614 2703 νομίζω]

111 2714 233 2756 νομίζω
253 2710 335 2747 εἶναι
356 2726 383 2748 s.
466 2711 481 2738 f
498 2712 557 2747 οὖν
577 2726 645 2748 om.
666 2714 819 2747 A.S.k.s.
906 2718 925 2746 g
947 2711 1091 2757 οὑτωσὶ]
1116 2711 1203 2745 οὕτω
1223 2723 1288 2756 p.r.
1374 2707 1395 2734 h
1414 2710 1518 2754 τύχης
1537 2710 1620 2755 ἀξιῶ

107 2766 221 2801 A.S.S.
245 2765 349 2810 τύχης
368 2768 403 2800 k.
428 2766 531 2811 τύχης
551 2767 715 2811 ἐξετάζειν
730 2767 846 2810 ἀξιοῦν
861 2771 1036 2799 correctus
1051 2777 1079 2799 r.
1100 2763 1205 2808 τύχης
1221 2765 1384 2808 ἐξετάζειν
1399 2763 1482 2807 ἀξιῶ
1496 2764 1615 2809 vulgo.

108 2816 118 2843 i
138 2819 181 2854 ὡς
201 2831 270 2854 om.
289 2826 348 2854 r.t.
445 2817 466 2844 k
486 2820 563 2863 ὑμῖν
582 2820 737 2855 A.S.k.s.
770 2820 969 2865 Legebatur
990 2820 1065 2861 ὑμῖν
1085 2818 1271 2851 συνδοκεῖν.
1366 2814 1376 2841 l
1396 2817 1456 2859 τὴν
1477 2815 1616 2850 ἰδίαν-

0 2871 11 2915 ,ἱ
108 2874 217 2916 κοινῆς
240 2874 299 2916 τῆς
324 2880 359 2907 et
383 2874 543 2907 vocabuli
567 2875 699 2908 πόλεως
725 2873 892 2918 syllabam
917 2872 1066 2917 primam
1088 2883 1156 2905 om.
1177 2871 1272 2910 A.k.,
1292 2870 1329 2903 in
1355 2870 1511 2915 margine
1534 2882 1616 2904 vero

0 2925 11 2982 μ
107 2924 213 2960 habet
230 2927 272 2960 A.
325 2927 555 2961 Manifestum
579 2933 631 2961 est
649 2927 755 2960 verba
779 2926 955 2969 τὴν-πο·
980 2925 1017 2958 in
1043 2924 1161 2958 codiee
1189 2923 1385 2969 antiquiore
1411 2935 1482 2957 uno
1508 2923 1616 2957 fuisse

0 3003 11 3065 ΙΙ
107 2990 208 3013 versu
227 2980 489 3025 comprehensa,
507 2992 611 3025 quem
630 2979 852 3025 praetermisit
869 2978 1041 3012 librarius.
