1903 3271
256 306 363 361 τοὺς
390 307 568 373 ὅρκους,
595 308 752 374 ἧσπερ
778 313 897 359 εἰσὶν
924 313 969 359 αἱ
997 315 1078 359 νῦν
1104 311 1329 371 εὔθυναι,
1350 311 1453 360 οὔτε
1479 332 1644 375 μικρον
1669 311 1773 360 οὔτε

713 392 730 419 b

254 391 376 488 μέγα
410 393 503 442 οὐδ’
533 394 686 472 ὁτιοῦν

257 194 341 234 362
805 199 1232 237 ΔΗΜΟΣΘΕΝΟὙΣ
1359 197 1442 236 On.
1462 196 1602 236 XIX.
1626 211 1666 251 p.
1683 197 1780 250 346,
1802 0 1903 258 ιιι-Ξ

739 394 977 466 εὑρημένοι
1002 397 1096 443 τῶν
1123 415 1197 442 οτε
1223 391 1309 456 τὴν
1334 392 1518 457 εἰρήνην
1543 395 1773 444 ἐποιεῖσθε
1883 342 1903 498 ί

1884 494 1898 525 '0

254 461 518 541 λεχθεντων
562 499 637 526 και
655 467 1117 540 προσδοκηθέντων,
1157 475 1287 525 ἀλλὰ
1327 475 1463 526 πάντ’
1505 476 1767 544 οἐξηπατη-

253 559 396 620 μένοι,
424 561 499 608 καὶ
535 559 712 610 τούτων
748 559 858 624 ἕτερ’
888 558 1044 611 αὖθις
1071 560 1129 608 αὖ
1155 559 1493 625 επεπραχότων
1520 581 1594 609 και
1622 558 1826 625 swapa15
1883 560 1893 610 Ξ

253 727 386 774 ταυτὶ
420 727 596 775 πολλοὶ
632 724 935 786 ὴσυνίσασιν,
964 722 994 775 ἂ
1030 725 1195 787 μέλλω
1230 726 1399 790 λέγειν·
1444 725 1497 775 τὸ
1529 724 1621 791 γαρ
1652 731 1771 785 βου-

189 808 500 874 2ολευτήριον
541 807 720 871 μεστὸν
758 807 815 872 ἧν
855 812 1062 860 ἰδιωτῶν.
1125 807 1377 874 παρελθὼν
1416 810 1454 859 δ’
1489 808 1580 874 ἐγὼ
1618 808 1775 859 πάντα

189 1671 235 1700 21

254 639 308 691 τὸ
335 640 573 708 ψήφισμα
606 640 1043 706 πεπρεσβευκότων,
1073 650 1092 678 g
1103 646 1350 709 προσῇμεν
1381 646 1438 709 τῇ
1470 646 1643 709 βουλῇ.
1698 644 1774 693 καὶ
1875 622 1899 828 ἕ

1876 830 1895 901 ἒ

254 894 437 955 τάληθῆ
482 891 601 958 πρὸς
651 891 735 955 τὴν
786 892 968 955 βουλὴν
1015 891 1299 956 ἀπήγγειλα,
1345 893 1420 942 καὶ
1465 890 1772 958 κατηγόρησα
1786 914 1828 935 20

253 975 444 1037 τούτων,
491 999 565 1025 και
611 975 1009 1041 ἀνηριθμησάμην
1054 975 1148 1025 ἀπὸ
1191 979 1285 1025 τῶν
1329 975 1529 1041 πρώτων
1570 977 1775 1026 ἐλπίδων

255 1060 459 1109 1ἐκείνων
486 1056 550 1109 ὡν
575 1058 635 1108 ¹³6
661 1057 952 1125 1Κτησιφῶν
988 1081 1064 1108 και
1100 1060 1124 1108 ὁ
1158 1058 1507 1157 Ἀριστόδημος
1542 1061 1770 1125 ἀπήγγει-

253 1150 346 1193 λαν
372 1166 491 1208 προς
519 1144 650 1205 ὑμᾶς,
678 1144 754 1192 καὶ
785 1141 904 1204 μετὰ
929 1146 1076 1203 ταῦθ’,
1106 1164 1181 1192 οτε
1208 1141 1292 1205 τὴν
1319 1141 1503 1207 εἱρηνην
1530 1144 1776 1205 ἐποιεῖσθε,

1062 1224 1079 1240 Λ

255 1225 285 1276 ἃ
310 1226 445 1280 οὗτος
471 1223 798 1291 ἐδημηγόρησε
825 1227 940 1276 Π’καὶ
965 1229 1086 1278 εἷςα
1056 1225 1380 1292 α“προήχασι
1405 1225 1491 1289 τὴν
1516 1224 1673 1288 πόλιν,
1699 1249 1775 1277 και

252 1313 358 1376 περὶ
400 1314 495 1360 τῶν
539 1310 813 1360 ὑπολοίπων
862 1310 1029 1371 (ταῦτα
1069 1310 1106 1359 δ’
1148 1307 1206 1372 ἧν
1248 1313 1424 1362 Φωκεῖς
1469 1333 1544 1360 και
1590 1309 1770 1379 Πύλαι)
1787 1332 1826 1362 25

254 1394 351 1458 ομὴ
397 1395 629 1460 προέσθαι
681 1393 1040 1455 συνεβούλευον,
1085 1393 1200 1458 μηδὲ
1251 1393 1399 1444 ταύτὰ
1441 1398 1620 1456 παθεῖν,
1665 1397 1774 1458 μηδ’

1278 1479 1290 1495 N

254 1477 606 1544 ἀναρτωμένους
639 1478 859 1528 Ι’ἐλπίσιν
894 1477 950 1545 ἐξ
978 1478 1183 1527 ἐλπίδων
1219 1501 1293 1527 και
1326 1478 1680 1544 (Ᾰὺποσχέσεσιν
1714 1481 1777 1531 εἰς

254 1564 523 1629 τοῦσχατον
559 1564 712 1613 ἐλθεῖν
747 1561 807 1612 τὰ
841 1561 1080 1626 πράγματ’
1110 1564 1262 1611 ἐᾶσαι.
1320 1564 1394 1611 καὶ
1431 1561 1595 1612 ε”πεισα
1629 1566 1778 1612 ταῦτα

255 1645 340 1710 τὴν
375 1646 570 1710 βουλήν.
630 1645 784 1709 ἐπειδὴ
823 1645 870 1695 δὲ
909 1645 1018 1710 ἧκεν
1057 1645 1084 1708 ἡ
1123 1646 1352 1708 ἐκκλησία
1390 1647 1466 1695 καὶ
1503 1645 1622 1711 πρὸς
1659 1647 1868 1708 ὑμᾶς347

255 1730 343 1781 ἔδει
390 1730 556 1795 λέγειν,
602 1728 856 1796 παρελθὼν
899 1730 1130 1796 Αἰσχίνης
1176 1731 1338 1780 οὑτοσὶ
1389 1733 1575 1795 πρῶτος
1618 1730 1780 1793 Γἡμῶν

256 1813 478 1865 ἁπάντων
514 1816 610 1876 (καὶ
646 1811 765 1879 πρὸς
797 1812 914 1866 Διὸς
950 1815 1026 1863 καὶ
1062 1817 1180 1863 θεῶν
1217 1817 1446 1879 πειρᾶσθε
1484 1815 1776 1877 συνδιαμνη-

255 1897 476 1960 μονεύειν,
506 1896 562 1947 ἂν
593 1899 748 1961 ἀληθῆ
784 1897 928 1961 λε’γω·
973 1895 1063 1946 8τοι
1099 1895 1192 1962 γὰρ
1227 1896 1384 1947 πάντα
1423 1896 1481 1947 τὰ
1518 1896 1779 1962 πράγματα

255 1980 591 2044 ἵλυμηικοὶμενα
626 1982 793 2043 “ὑμῶν
832 1982 908 2030 καὶ
947 1981 1283 2048 διαφθείραντα
1321 1980 1445 2034 ὅλως
1483 1981 1608 2031 ταῦτ’
1645 1981 1806 2034 ἐστὶν5

256 2065 365 2133 ἤδη)
406 2070 488 2115 τοῦ
529 2064 613 2127 μὲν
652 2065 1013 2129 Χάπαγγὲλλειν
1057 2087 1101 2114 τι
1145 2069 1239 2114 τῶν
1283 2064 1708 2130 πεπρεσβευμένων
1746 2063 1776 2129 ἦ

255 2151 360 2215 περὶ
398 2153 493 2199 τῶν
530 2151 578 2199 ἐν
614 2152 672 2216 τῇ
708 2152 864 2215 βουλῇ
895 2148 1144 2214 ῥηθέντων,
1180 2151 1216 2197 εὶ
1255 2146 1346 2213 ἄρα
1380 2147 1675 2216 ἠμφισβήτει
1712 2147 1778 2212 μὴ

312 2267 330 2286 a
350 2263 484 2296 εὔθυναι
505 2261 589 2295 B.F.
621 2261 755 2295 εὐθῦναι
774 2273 803 2295 Γ.
835 2261 970 2295 εὔθυναι
989 2262 1106 2307 vulgo.
1200 2257 1220 2285 b
1240 2261 1430 2307 εὑρημένοι]
1456 2261 1637 2305 εὑρημένον
1656 2273 1691 2296 u.
1723 2260 1777 2295 εὗ-

255 2316 380 2361 ρὴσετε
400 2327 467 2349 rec.
490 2327 612 2360 margo
632 2327 667 2348 u.
779 2320 795 2338 ⁰
816 2314 1077 2360 ἐξηπατημένοι]
1103 2315 1378 2358 ε’ξηπατηθέντων
1400 2315 1435 2349 S.
1476 2315 1672 2360 vulgatum
1690 2326 1711 2348 a
1731 2326 1777 2348 m.

257 2381 324 2403 sec.
346 2369 382 2402 in
401 2381 512 2413 marg.
537 2369 574 2403 S.
659 2364 677 2391 d
699 2366 793 2402 αὖθις
812 2380 881 2401 om.
902 2369 938 2401 k.
970 2366 1011 2401 αὖ
1031 2380 1100 2401 om.
1119 2368 1162 2402 O.
1257 2373 1272 2392 θ
1292 2367 1535 2413 πεπραχότων]
1558 2370 1780 2414 πεπρακότων

257 2423 361 2456 A.r.s.
469 2419 484 2445 f
502 2424 591 2466 παρὰ
611 2422 650 2454 τὸ
670 2420 843 2466 ψήφισμα
863 2421 1052 2459 F.Q.t.u.v.
1082 2421 1173 2464 παρὰ
1193 2422 1231 2454 τὸ
1253 2421 1422 2465 ψήφισμα
1443 2421 1525 2455 αὐτὸ
1544 2433 1571 2455 r.
1601 2419 1679 2466 παρ’
1695 2421 1779 2454 αὐτὸ

257 2476 296 2509 τὸ
316 2474 488 2520 ψήφισμα
508 2475 628 2520 vulgo.
814 2481 835 2510 g
854 2475 1044 2519 προσῆιμεν
1066 2475 1213 2508 S.Y.t.v.
1237 2480 1272 2508 et
1291 2489 1345 2520 γρ.
1368 2474 1455 2513 ἙΗΩ
1489 2473 1670 2519 προσήιειν
1690 2473 1777 2512 RQ.

256 2529 423 2574 προσὴειν
442 2529 502 2572 μὲν
523 2533 699 2562 correctus
719 2540 746 2561 r.
776 2527 985 2572 προσῄειμεν
1004 2528 1122 2573 vulgo.
1302 2525 1322 2552 h
1342 2526 1547 2573 συνίσασιν]
1572 2526 1733 2561 συνίασιν
1750 2532 1778 2561 t.

1541 2579 1704 2618 κτησιφῶν

257 2621 267 2648 5
288 2624 421 2658 ἐκείνων
440 2636 509 2658 om.
530 2624 605 2658 ku.
627 2630 662 2658 et
682 2636 733 2669 pr.
753 2623 797 2657 Ο.
905 2621 920 2645 ¹<
943 2625 960 2656 ὁ
981 2635 1050 2658 om.
1072 2624 1144 2657 As.
1255 2619 1265 2646 Ῑ
1286 2622 1491 2668 Κτησιφῶν]
1516 2623 1718 2667 ἅριστοφῶν
1739 2622 1778 2657 S.

258 2683 289 2702 m
309 2678 362 2711 καὶ
382 2689 453 2712 orn.
474 2678 508 2711 S.
530 2677 582 2721 (in
603 2689 673 2722 quo
693 2677 980 2722 ἐδημηγόρησεν).
1029 2677 1071 2710 In
1091 2689 1200 2722 marg.
1223 2689 1243 2710 a
1263 2688 1310 2711 m.
1333 2688 1400 2710 sec.
1422 2682 1630 2710 annotatum
1649 2690 1705 2721 γρ.
1726 2677 1779 2709 καὶ

259 2731 306 2765 εἷς
328 2730 349 2763 ἃ
371 2730 571 2775 προήκασιν,
593 2731 653 2764 ubi
676 2730 881 2776 ambiguum
905 2736 958 2764 est
978 2724 1097 2764 u'trum
1117 2729 1174 2763 καί
1197 2730 1448 2764 Demosthenis
1474 2741 1550 2764 esse
1569 2729 1780 2764 vocabulum

260 2784 394 2818 dicatur
414 2796 459 2817 au
479 2784 698 2829 grammatici
718 2784 762 2817 sit
782 2795 861 2816 cum
882 2798 938 2829 γρ.
960 2783 1259 2829 conjungendum.
1389 2788 1409 2807 ¹1
1429 2782 1621 2828 προήχασι]
1646 2781 1778 2826 προσῆ-

258 2851 344 2881 χασι
364 2837 491 2872 Y.O.r.
522 2836 690 2881 προὴκασι
709 2851 766 2882 γρ.
790 2836 873 2875 S.Q.
985 2841 1004 2861 0
1023 2836 1085 2882 μὴ]
1110 2838 1163 2870 καὶ
1182 2837 1226 2879 μὴ
1249 2835 1292 2869 Ο.
1403 2841 1422 2869 Ρ
1443 2836 1530 2870 Post
1549 2836 1688 2869 ἐλπίσιν
1706 2841 1778 2870 tres

259 2890 369 2924 literae
389 2902 496 2924 erasae
516 2890 552 2923 in
574 2890 610 2924 S.
695 2896 713 2922 q
736 2889 989 2935 ὑποσχέσεσιν]
1015 2890 1208 2934 ὑπόσχεσιν
1227 2901 1278 2934 pr.
1296 2901 1328 2923 v.
1405 2894 1420 2913 ¹*
1440 2888 1548 2934 ἡμῶν]
1573 2889 1665 2933 ὑμῶν
1684 2901 1720 2922 u.
1742 2892 1779 2922 et

260 2955 312 2987 pr.
330 2943 373 2976 O.
486 2948 500 2967 S
520 2944 562 2976 τὰ
582 2942 665 2988 γὰρ]
689 2943 795 2976 ταυτὰ
813 2944 879 2989 γὰρ
900 2942 944 2976 Ο.
1059 2942 1073 2967 t
1092 2941 1324 2988 λυμηνάμενα]
1348 2943 1390 2976 τὰ
1409 2942 1624 2987 λυμηνάμενα
1645 2939 1777 2976 S.Y.0.

260 3000 281 3019 ¹¹
303 2996 410 3041 ὑμῶν]
432 2996 524 3039 ἡμῶν
544 2996 804 3031 F.O.k.r.t.u.v.
915 3002 935 3020 Χ
955 2995 1203 3042 ἀπαγγέλλειν]
1227 2995 1434 3041 ἀπαγγελεῖν
1453 3007 1482 3029 r.
