1930 3266
37 192 190 232 -299‚
211 196 263 219 αι.
605 183 733 220 ΠΕΡΙ
763 184 873 221 ΤΟΥ
902 183 1209 221 ΣΤΕΦΑΝΟΎ.
1586 181 1671 221 318

754 297 1075 338 ΕΠΙΣΤΟΛΗ.
1684 309 1764 351 299

67 375 146 427 269
232 366 423 430 Ἐπειδὴ
461 368 615 418 τοίνυν
660 368 943 433 ἐποιήσαντο
986 367 1072 432 τὴν
1115 368 1385 432 ἐκκλησίαν,
1423 372 1672 435 προσῆγον

158 448 352 502 ἐκείνους
383 448 634 516 προτέρους
661 450 736 501 διὰ
762 449 845 501 prb
870 449 955 513 τὴν
981 454 1075 501 τῶν
1100 448 1366 516 συμμάχων
1391 449 1526 517 τάξιν
1553 451 1665 500 ἐκεί-

155 554 261 586 νους
287 532 422 599 ἔχειν.
477 534 553 582 καὶ
577 531 892 599 παρελθόντες
919 531 1236 598 ἐδημηγόρουν
1267 531 1431 583 πολλὰ
1465 531 1549 595 μὲν
1576 533 1662 584 Φί-
1679 548 1696 579 5

154 623 333 667 λιππον
382 616 756 682 ἐγκωμιάζοντες,
805 615 970 668 πολλὰ
1021 617 1057 666 δ’
1108 618 1236 679 ὑμῶν
1289 622 1667 682 κατηγοροῦντες,

154 698 326 750 9πάνθ’
368 699 461 749 ὅσα
510 699 689 750 πώποτ’
731 699 915 750 ἐναντία
958 698 1223 768 Υέπράξατε
1273 700 1503 763 Θηβαίοις
1548 701 1664 750 ἀνα-

151 782 508 846 μιμνήσκοντες.
575 783 629 834 τὸ
669 786 710 833 δ’
751 784 832 834 οὖν
878 782 1150 851 κεφάλαιον,
1190 783 1351 851 ἠξίουν
1390 781 1453 833 ὧν
1496 782 1581 847 μὲν
1619 785 1668 834 εὖ

153 865 483 917 8πεπόνθεσαν
522 865 611 917 ὑπὸ
648 868 891 918 Φιλίππου
925 866 1061 934 χάριν
1086 866 1274 920 ῒαύτους
1307 869 1575 930 ἀποδοῦναι,
1602 865 1666 918 ὧν

59 953 193 1008 27οδ’
226 951 303 1018 ὑφ’
339 952 506 1013 “ὑμῶν
543 951 795 1014 Χήδίκηντο
834 952 994 1014 Ῡδίκην
1032 955 1212 1013 λαβεῖν,
1252 950 1484 1016 ὁποτέρως
1522 957 1539 976 ²
1551 952 1663 1012 βού-
1679 973 1717 995 10

150 1039 328 1095 λονται,
366 1031 395 1096 ἢ
435 1033 641 1086 ἰὺῑδιέντας
680 1031 845 1087 αὐτοὺς
883 1035 951 1101 ἐφ’
989 1034 1143 1096 Όὺμᾶς
1181 1032 1209 1098 ὴ
1249 1033 1664 1097 6συνεμβαλόντας

149 1120 211 1169 εἷς
249 1115 333 1180 τὴν
370 1115 605 1178 Ἀττικὴν,
645 1118 720 1166 καὶ
765 1117 1050 1179 ἐδείκνυσαν,
1089 1119 1150 1170 ὡς
1189 1115 1349 1186 ᾤοντο,
1389 1118 1438 1167 ἐκ
1481 1117 1563 1181 μὲν
1600 1115 1666 1167 ὧν

149 1198 308 1250 dabre}
344 1199 688 1261 συνεβούλευον
722 1199 781 1250 τὰ
813 1202 862 1250 ἐκ
898 1204 981 1264 τῆς
1013 1203 1233 1264 Ἀττικῆς
1269 1201 1554 1265 βοσκήματα
1590 1204 1664 1252 καὶ

147 1283 420 1349 ἀνδράποδα
462 1287 537 1335 καὶ
581 1284 724 1334 τᾶλλ’
765 1283 923 1349 ἀγαθὰ
967 1288 1028 1337 εἰς
1071 1283 1157 1348 τὴν
1201 1285 1430 1334 Βοιωτίαν
1473 1285 1662 1353 ἥξοντα,

146 1369 196 1418 ἐκ
231 1367 280 1418 δὲ
318 1367 382 1418 ὧν
415 1369 536 1431 ἡμᾶς
574 1370 689 1434 ἐρεῖν
725 1367 914 1436 ε”φασαν
946 1367 1007 1418 τὰ
1037 1369 1084 1418 ἐν
1116 1371 1174 1434 τῇ
1201 1368 1402 1436 Βοιωτίᾳ
1427 1370 1655 1435 Θδιαρπα-
1675 1389 1710 1420 15

145 1451 424 1516 σθησόμενα
450 1451 540 1503 ὑπὸ
567 1458 649 1502 τοῦ
678 1451 903 1514 πολέμου.
959 1453 1033 1501 καὶ
1060 1451 1191 1501 ἄλλα
1215 1450 1380 1502 πολλὰ
1405 1452 1521 1517 πρὸς
1549 1453 1656 1502 τού-

372 1534 546 1586 fradra}
580 1534 628 1586 δὲ
662 1534 819 1586 πάντα
856 1535 1140 1585 συντείνοντ’
1168 1533 1349 1600 ἐ’λεγον.
1405 1533 1435 1584 ἃ
1467 1537 1504 1584 δ’
1533 1536 1661 1599 ἡμεῖς

55 1556 129 1598 271
145 1558 254 1599 τοις,
280 1540 341 1589 εἷς

143 1618 262 1686 πρὸς
299 1625 446 1670 ταῦτα
484 1619 809 1683 ἕάντείπομεν,
847 1618 907 1668 τὰ
951 1617 1036 1681 μὲν
1079 1619 1179 1669 καθ’
1221 1618 1400 1668 ἕκαστα
1438 1618 1529 1683 ἐγὼ
1573 1619 1659 1683 μὲν

140 1705 242 1754 ἀντὶ
276 1702 452 1756 παντὸς
491 1701 549 1753 ἂν
583 1703 873 1766 τιμησαίμην
908 1705 1049 1753 εἰπεῖν
1083 1708 1165 1752 τοῦ
1202 1703 1322 1764 βίου,
1355 1704 1471 1765 ὑμᾶς
1504 1703 1552 1753 δὲ
1585 1704 1711 1753 δέ-εο

142 1790 285 1849 δοικα,
338 1786 402 1851 μὴ
451 1786 851 1853 παρεληλυθότων
897 1791 990 1836 τῶν
1040 1790 1225 1852 καιρῶν,
1274 1784 1438 1852 ὥσπερ
1483 1785 1541 1837 ἂν
1584 1787 1657 1838 11εὶ

141 1869 480 1933 κατακλυσμὸν
506 1872 789 1935 γεγενῆσθαι
823 1874 917 1919 τῶν
955 1868 1247 1935 πραγμάτων
1280 1869 1541 1935 ἡγούμενοι,
1567 1871 1656 1934 μά-

140 1975 270 2004 ταιον
297 1952 444 2020 ὄχλον
475 1952 581 2006 τοὺς
615 1955 720 2019 περὶ
754 1952 932 2003 τούτων
957 1952 1154 2017 ἱλόγους
1179 1954 1418 2017 νομίσητε·
1461 1953 1517 2004 ¹³5
1543 1977 1586 2005 τι
1612 1957 1653 2004 δ’

138 2037 220 2087 οὖν
245 2035 516 2100 1ἐπείσαμεν
548 2038 676 2101 ἡμεῖς
707 2039 782 2087 καὶ
816 2034 886 2086 m&
916 2037 1025 2099 ἡμῖν
1051 2038 1373 2103 ἀπεκρίναντο,
1399 2038 1649 2089 ἀκούσατε.

139 2120 260 2184 Λέγε
287 2122 449 2171 Πταυτὶ
475 2120 653 2181 λαβών.

192 2231 208 2254 Ρ
227 2228 267 2260 τὸ
288 2240 355 2261 om.
374 2228 417 2261 Y.
493 2236 510 2262 <4
531 2227 628 2262 πάνθ’
645 2229 798 2263 A.S.k.s.
830 2230 882 2262 καὶ
901 2228 1020 2264 ἅπανθ’
1041 2242 1073 2275 p.
1099 2228 1220 2265 ἅπανθ’
1235 2232 1352 2277 vulgo.
1429 2237 1444 2255 ¹*
1464 2231 1646 2277 ἐπράξατε]

135 2281 323 2325 πράξαντες
343 2281 384 2314 Y.
510 2286 524 2305 S
545 2281 776 2327 πεπόνθεσαν]
799 2283 1010 2316 πεπόνθασιν
1030 2284 1212 2328 A.k.p.r.s.
1343 2283 1356 2309 t
1376 2284 1514 2330 αὐτοὺς]
1539 2284 1652 2320 αὐτοῖς

136 2333 427 2368 A.F.k.r.s.t.u.v.
524 2339 545 2358 1¹
568 2334 658 2377 ὑμῶν
677 2335 951 2381 A.F.S.k.p.r.u.
983 2335 1074 2379 ἡμῶν
1093 2338 1210 2382 vulgo.
1304 2343 1322 2362 Χ
1344 2336 1514 2382 ἠδίκηντο]
1539 2337 1650 2383 Lege—

136 2386 238 2420 batur
257 2385 437 2430 ἠδίκηνται.
487 2387 613 2421 Literae
633 2402 666 2421 αι
690 2389 806 2433 paullo
827 2401 930 2434 quam
955 2395 1078 2423 ceterae
1104 2390 1275 2435 nigriores
1302 2397 1383 2424 sunt
1402 2391 1438 2424 in
1461 2392 1495 2423 S.
1516 2403 1559 2424 ex
1579 2403 1649 2436 quo

137 2437 289 2483 ἠδίκηντο
310 2441 477 2486 scriptum
498 2440 604 2474 fuisse
625 2442 765 2487 collegit
784 2442 978 2477 Bekkerus.
1016 2442 1105 2481 Quae
1124 2455 1204 2477 vera
1223 2444 1317 2477 haud
1337 2444 1440 2477 dubie
1460 2444 1564 2477 lectio
1584 2450 1647 2484 est,

135 2492 215 2527 licet
235 2494 372 2527 nullum
393 2494 467 2537 ejus
487 2493 522 2526 in
544 2494 580 2527 S.
602 2495 788 2540 vestigium
810 2495 864 2529 sit.
999 2501 1017 2528 Y
1038 2496 1131 2539 δίκην
1150 2497 1425 2542 superscriptum
1444 2497 1480 2530 in
1501 2497 1537 2531 S.
1561 2509 1580 2530 a
1599 2509 1646 2531 m.

135 2546 288 2592 antiqua,
311 2548 371 2580 sed
392 2559 540 2587 erasum,
556 2547 605 2581 ita
623 2553 741 2581 tamen
762 2554 801 2581 ut
820 2549 938 2582 literas
958 2549 990 2582 δι
1010 2555 1044 2583 et
1065 2563 1082 2582 ν
1102 2562 1291 2595 agnoscere
1311 2551 1425 2584 liceat.
1530 2555 1547 2574 Ζ
1565 2550 1647 2591 βού-

132 2599 266 2643 λονται]
288 2598 481 2641 βούλωνται
500 2612 528 2634 r.
559 2600 722 2640 βούλεται
743 2602 821 2635 A.k.
962 2608 980 2626 a
1000 2603 1129 2637 διέντας
1149 2603 1331 2642 F.S.Y.Q.
1363 2604 1506 2638 διϊέντας
1526 2604 1644 2648 vulgo.

133 2647 153 2676 b
173 2652 272 2699 ὑμᾶς]
297 2653 381 2697 ἡμᾶς
400 2653 560 2692 A.Q.k.s.
659 2659 675 2678 0
695 2655 988 2700 συνεμβαλόντας]
1014 2656 1317 2699 συνεμβάλλοντας
1337 2656 1458 2702 O·p.ll.
1480 2663 1515 2690 et
1534 2669 1585 2702 pr.
1604 2657 1644 2692 F.

133 2701 151 2729 d
170 2706 282 2753 αὐτοὶ]
305 2707 418 2741 αὐτοῖς
439 2707 479 2740 F.
610 2713 626 2731 θ
645 2707 986 2753 διαρπασθησόμενα]
1010 2708 1300 2753 ἁρπασθησόμενα
1319 2710 1355 2743 k.
1487 2707 1502 2734 f
1518 2710 1641 2756 ταύτὰ]

133 2761 235 2792 ταῦτα
256 2759 504 2805 F.Q.O.p.u.v.
538 2761 574 2794 S.
597 2766 743 2794 accentu
763 2767 869 2795 caret.
1029 2769 1049 2797 g
1069 2761 1268 2806 ἀντείπομεν
1287 2775 1356 2796 om.
1380 2764 1414 2797 S.
1444 2762 1646 2806 ἀντείπαμεν

132 2810 304 2847 F.Y.O.u.
334 2811 472 2857 εἴπομεν
491 2814 633 2847 A.k.r.s.
656 2818 691 2847 et
711 2826 731 2847 a
751 2826 797 2848 m.
820 2826 887 2848 sec.
912 2814 948 2847 S.
1079 2812 1097 2838 h
1119 2815 1164 2860 εἷ]
1189 2816 1217 2848 εἷ
1237 2817 1289 2849 καὶ
1311 2816 1347 2849 S.
1470 2813 1479 2840 i
1499 2816 1640 2862 λόγους]

131 2862 256 2909 ὄχλους
277 2866 359 2900 O.u.
489 2865 505 2888 ¹<
528 2866 546 2899 ὅ
565 2881 597 2900 τι
619 2867 655 2900 S.
697 2867 896 2912 Legebatur
915 2867 948 2901 ἅ.
1087 2864 1097 2891 l
1118 2868 1316 2915 ἐπείσαμεν]
1340 2868 1519 2912 ἐπείπομεν
1538 2884 1592 2914 γρ.
1615 2883 1642 2904 s.

132 2922 162 2941 ¹1¹
181 2914 202 2951 ἃ
221 2931 290 2954 om.
312 2932 363 2964 pr.
386 2920 468 2953 S.A.
490 2932 537 2954 m.
559 2932 627 2954 rec.
649 2920 819 2954 insertum
839 2921 905 2955 alia
925 2921 1063 2956 delevit.
1195 2928 1214 2945 n
1234 2923 1329 2956 ταυτὶ
1352 2922 1510 2968 S.Q.p.r.
1541 2925 1645 2957 ταῦτα

129 2970 241 3005 A.k.s.
271 2973 366 3006 τουτὶ
384 2973 500 3018 vulgo.

190 3047 285 3074 VOL.
315 3048 339 3073 Ι.
885 3053 902 3074 S
926 3053 943 3075 S
