1882 3250
59 207 201 246 122,1.
609 198 749 236 ΚΑΤΑ
782 197 1059 236 ΦΙΛΙΠΠΟΎ
1088 198 1132 234 Γ.
1547 195 1628 238 129

119 329 221 370 σος,
260 307 317 358 ἂν
353 307 534 362 τούτοις
572 330 642 361 τις
679 309 883 376 ἐπιτιμᾷ·
934 307 1096 357 τᾶλλα
1137 305 1274 357 πάνθ’
1315 305 1410 355 ὅσα
1452 306 1501 355 ἐκ
1544 311 1627 355 τοῦ
1645 326 1680 348 ¹0

50 411 108 452 50
120 391 392 456 δωροδοκεῖν
417 391 625 457 ἤρτηται.
680 392 777 442 ἐπεὶ
810 389 1008 457 τριήρεις
1038 413 1094 455 γε
1128 393 1203 440 καὶ
1235 388 1471 451 σωμάτων
1502 391 1628 450 πλῆ-

118 477 200 527 θος
234 476 309 524 καὶ
343 473 598 541 χρημάτων
631 482 652 510 g
661 473 891 540 πρόσοδοι
924 476 1000 524 καὶ
1033 476 1115 536 τῆς
1149 473 1304 536 ἄλλης
1338 473 1627 533 κατασκευῆς

115 557 333 624 ἀφθονία,
365 559 440 607 καὶ
472 557 646 619 τᾶλλα,
673 556 739 611 οἷς
771 557 828 607 ἄν
863 579 931 609 τις
967 555 1146 622 ἰσχύειν
1180 554 1264 608 τὰς
1297 553 1460 606 πόλεις
1493 552 1622 618 11κρί-

116 661 198 700 νοι,
245 645 326 690 νῦν
370 639 548 691 ὶᾶπασι
599 642 674 690 καὶ
724 640 874 691 πλείω
925 641 1000 689 καὶ
1048 639 1186 704 μείζω
1230 639 1333 687 ἐστὶ
1383 641 1476 686 τῶν
1523 635 1627 686 τότε

113 726 298 790 πολλῷ.
364 721 386 748 k
403 722 535 773 ἀλλὰ
578 728 725 773 ταῦτα
768 721 925 773 πάντα
968 722 1200 788 ἄχρηστα,
1241 720 1472 785 ἄπρακτα,
1511 717 1622 769 ‹ivd-
1645 739 1678 769 ¹5

116 827 231 869 νητα
261 804 351 856 ὑπὸ
377 810 471 856 τῶν
496 806 784 857 πωλούντων
809 806 1034 871 γίγνεται.

47 907 99 949 51
182 886 298 939 οὈτι
329 892 370 939 δ’
398 890 519 939 οὕτω
557 890 681 939 ταῦτ’
715 889 821 956 ἔχει,
857 888 916 939 τὰ
953 888 1038 953 μὲν
1076 894 1156 939 νῦν
1194 890 1331 953 ὁρᾶτε
1367 887 1516 950 δήπου
1553 888 1628 936 καὶ

113 969 245 1022 οὐδὲν
282 973 394 1035 ἐμοῦ
433 975 723 1038 προσδεῖσθε
766 971 1013 1039 μάρτυρος·
1060 970 1119 1023 τὰ
1156 973 1193 1022 δ’
1234 974 1282 1022 ἐν
1319 976 1415 1023 τοῖς
1452 970 1628 1020 ἄνωθεν

463 1054 711 1106 1τάναντία
761 1053 894 1122 εἶχεν,
939 1054 1031 1120 ἐγὼ
1081 1055 1300 1119 δηλώσω,
1352 1054 1405 1103 οὐ
1455 1051 1627 1117 λόγους

111 1053 297 1121 χρόνοις
341 1054 413 1106 ὅτι

110 1138 310 1200 ἐμαυτοῦ
354 1138 523 1203 λέγων,
568 1137 700 1188 ἀλλὰ
739 1137 1043 1204 111γράμματα
1092 1143 1186 1188 τῶν
1234 1135 1483 1202 προγόνων
1532 1140 1625 1186 τῶν
1640 1155 1680 1178 20

111 1220 392 1287 ι’ὑμετ-ἔρων,
427 1222 632 1272 Οοἰκεῖνοι
670 1221 915 1271 κατέθεντο
954 1225 1016 1274 εἷς
1053 1219 1241 1284 στήλην
1279 1221 1463 1285 χαλκῆν
1501 1217 1620 1283 γρά-

111 1308 290 1373 ψαντες
327 1309 390 1360 εἷς
428 1305 698 1372 ἀκρόπολιν,
738 1306 862 1372 Ρούχ
901 1305 976 1356 ἵνα
1015 1306 1170 1358 αὐτοῖς
1207 1302 1236 1370 ᾗ
1274 1302 1488 1370 χρήσιμα
1529 1304 1625 1366 (καὶ

110 1386 203 1453 γὰρ
236 1387 344 1438 ἄνευ
376 1387 554 1438 τούτων
588 1392 683 1438 τῶν
716 1386 1009 1453 γραμμάτων
1040 1386 1098 1437 τὰ
1133 1387 1296 1437 δέοντα
1328 1384 1624 1453 Ἶέφρόνουν),

111 1470 220 1520 ἀλλ’
253 1469 308 1520 ἵν’
344 1471 470 1532 ὑμεῖς
507 1470 643 1537 ἔχητε
676 1470 1018 1534 Γὺπομνήματα
1055 1472 1130 1520 καὶ
1167 1470 1525 1536 παραδείγματα
1562 1471 1623 1521 ὡς
1638 1489 1674 1520 ²5

43 1573 99 1616 52
113 1551 226 1618 ὑπὲρ
263 1557 357 1603 τῶν
394 1552 616 1603 τοιούτων
657 1552 937 1619 σπουδάζειν
976 1553 1223 1619 προσήκει.
1290 1554 1339 1603 τί
1379 1554 1459 1602 οὖν
1497 1553 1624 1616 λέγει

111 1635 171 1687 τὰ
207 1636 465 1703 γράμματα
486 1658 498 1698 ;

111 1725 140 1748 “
165 1721 320 1783 λείτης
364 1720 527 1783 ἄτιμος
571 1719 733 1770 “ἐ’στω
783 1722 858 1770 καὶ
907 1720 1133 1783 πολέμιος
1182 1725 1265 1769 τοῦ
1317 1718 1465 1782 δήμου
1508 1723 1625 1769 Χτοῦ

560 1643 588 1665 ‘6
605 1636 652 1662 32!

657 1637 891 1702 Αρθμιος”
932 1639 1086 1704 ἴφησὶ
1130 1644 1156 1666 “
1175 1636 1489 1689 Πυθώνακτος
1532 1639 1618 1685 Ζε-

111 1809 139 1833 “
162 1803 427 1867 Ἀθηναίων
464 1805 540 1853 καὶ
578 1807 672 1853 τῶν
710 1803 977 1870 συμμάχων
1015 1804 1153 1856 αὐτὸς
1192 1805 1267 1853 καὶ
1304 1803 1481 1868 γένος.”
1541 1801 1621 1853 εἶθ’

109 1887 138 1951 ἡ
173 1887 295 1937 αἰτία
332 1887 637 1952 Υγέγραπται,
669 1887 722 1936 δι’
751 1885 809 1949 ἣν
843 1891 1002 1936 Ζτοῦτ’
1030 1886 1225 1951 ἐγένετο·
1281 1885 1350 1935 ὅτι
1390 1885 1472 1935 τὸν
1511 1907 1718 1952 χρυ-122

165 2069 186 2097 g
204 2064 372 2109 πρόσοδοι
391 2075 460 2098 om.
480 2076 532 2109 pr.
555 2064 590 2098 S.
620 2065 787 2110 πρόσοδοι
808 2065 848 2098 F.
947 2061 967 2088 h
987 2064 1109 2110 κρίνοι]
1134 2064 1225 2109 κρίνη
1247 2065 1366 2099 O.u.v.
1462 2063 1471 2089 i
1492 2064 1618 2111 ἅπασι]

108 2125 240 2166 ἅπαῖτα
266 2132 305 2167 F.
343 2131 474 2166 ἅπαντα
500 2132 670 2167 Y.O.u.v.
846 2130 866 2158 k
897 2133 988 2167 ἀλλὰ
1018 2135 1123 2167 ταῦτα
1153 2135 1262 2167 πάντα
1287 2136 1328 2168 Α.
1359 2140 1393 2168 et
1424 2135 1484 2179 qui
1513 2135 1623 2168 πάντα

108 2185 240 2219 omittit
263 2185 297 2219 S.
350 2185 548 2231 Legebatur
566 2185 644 2219 ἀλλ’
664 2185 795 2220 ἅπαντα
820 2189 939 2222 ταῦτα.
1117 2183 1127 2211 l
1150 2187 1326 2233 τάναντία]
1357 2187 1516 2220 τάναντία
1544 2187 1621 2220 τού-

109 2252 176 2271 των
196 2237 356 2272 F.O.u.V.
496 2244 528 2263 m
547 2240 744 2285 γράμματα]
769 2241 974 2285 γραμμάτων
995 2239 1040 2273 Ο.
1170 2245 1190 2263 Π
1211 2240 1397 2285 ὑμετέρων]
1424 2240 1622 2285 Legebatur

109 2290 277 2336 ὑμετέρων
296 2289 464 2325 δεικνύων.
495 2290 652 2325 δεικνύων
672 2304 742 2326 om.
761 2305 811 2338 pr.
831 2293 866 2327 S.
959 2297 978 2317 ⁰
997 2292 1136 2338 ἁκεῖνοι]
1161 2290 1181 2325 ἂ
1201 2294 1301 2326 κεῖνοι
1323 2294 1358 2326 S.
1399 2293 1622 2327 Scribebatur

109 2342 131 2376 ἃ
149 2343 278 2378 ἐκεῖνοι.
384 2349 403 2377 P
424 2345 488 2388 οὐχ
507 2343 657 2378 ἵνα-τὰ
677 2346 855 2390 γράμματα
876 2357 944 2379 om.
966 2358 1019 2390 pr.
1044 2346 1078 2379 S.
1184 2351 1202 2378 q
1223 2345 1407 2391 ἐφρόνουν]
1433 2347 1622 2390 εὐφρόνουν

109 2407 230 2442 margo
252 2397 286 2431 S.
372 2402 387 2421 Γ
407 2397 527 2440 ὑπομν.
545 2398 597 2431 καὶ
616 2398 759 2443 παραδ]
783 2399 906 2441 παραδ.
925 2399 976 2431 καὶ
998 2399 1118 2441 ὑπομν.
1139 2410 1261 2443 margo
1283 2399 1317 2432 S.
1405 2403 1418 2422 S
1431 2398 1615 2444 ”Αρθμιος]

109 2448 262 2495 ἀρίθμιος
279 2450 364 2484 A.S.
386 2455 420 2483 et
439 2450 509 2490 alii,
530 2451 729 2496 pariterque
749 2451 840 2484 infra
859 2450 1024 2495 ἀρίθμιον.
1111 2450 1124 2476 t
1145 2452 1244 2495 φησὶ,
1264 2451 1488 2486 Πυθώνακτος
1506 2450 1619 2485 Ζελεῖ·

109 2500 184 2546 της]
214 2503 412 2548 Legebatur
438 2504 547 2547 φησὶν
573 2505 590 2536 ὁ
613 2509 656 2537 Π.
681 2505 699 2536 ὁ
723 2504 889 2547 Ζελείτης.
946 2504 1105 2538 Alterum
1126 2505 1143 2536 ὁ
1164 2504 1295 2537 omittit
1316 2504 1350 2537 S.
1373 2505 1466 2548 quod
1492 2504 1620 2538 indicio

109 2559 162 2588 est
184 2555 280 2600 prius
302 2567 441 2601 quoque
466 2557 653 2590 delendum
673 2569 759 2597 esse,
781 2557 1076 2602 quemadmodum
1103 2557 1138 2590 in
1163 2556 1366 2590 testimonio
1393 2569 1426 2601 p.
1449 2564 1538 2602 927,
1560 2564 1618 2601 27.

109 2618 152 2640 ex
176 2608 286 2642 tribus
315 2609 492 2643 codicibus
521 2609 689 2654 seriptum
717 2615 769 2643 est
792 2610 946 2654 Φορμίων
967 2611 1246 2654 Κηφισοφῶντος
1265 2607 1440 2653 Πειραιεύς
1459 2621 1522 2653 pro
1541 2609 1616 2642 vul-

109 2666 190 2705 gato
219 2662 237 2694 ὁ
265 2663 552 2706 Κηφισοφῶντος.
611 2662 702 2695 Nam
729 2662 986 2695 Demosthenes
1016 2662 1091 2707 ipsa
1119 2662 1267 2695 servavit
1289 2662 1393 2694 verba
1417 2661 1557 2701 decreti,
1583 2661 1618 2694 iu

108 2724 179 2757 quo
198 2714 240 2748 de
260 2726 355 2748 more
376 2715 543 2759 scriptum
564 2726 638 2747 esse
659 2715 778 2748 debuit
790 2713 956 2758 ’Ἀρθμιος
977 2715 1200 2748 Πυθώνακτος
1219 2713 1386 2756 Ζελείτης.
1439 2714 1517 2746 Suis
1538 2725 1619 2747 vero

108 2765 217 2810 ipsius
235 2767 348 2800 verbis
372 2779 455 2801 usus
479 2772 531 2800 est
554 2779 588 2812 p.
607 2766 697 2811 428,
716 2778 750 2811 3.
773 2767 832 2800 ubi
853 2766 1019 2811 ’Ἄρθμιον
1047 2768 1106 2800 τὸν
1132 2767 1355 2801 Πυθώνακτος
1379 2767 1438 2799 τὸν
1462 2764 1620 2809 Ζελείτην

110 2817 207 2859 dixit,
227 2819 294 2853 nisi
313 2820 383 2854 illic
403 2832 542 2866 quoque
563 2820 698 2853 artic-uli
719 2820 761 2853 ab
781 2820 928 2853 librariis
952 2826 1034 2853 sunt
1054 2819 1190 2864 adjecti.
1355 2825 1377 2843 ¹¹
1400 2820 1489 2852 ἔστω
1515 2830 1620 2864 supra

109 2882 246 2905 versum
265 2884 332 2906 ree.
356 2873 391 2907 S.
479 2878 499 2897 Χ
520 2872 597 2918 τοῦ]
623 2876 690 2906 τῶν
712 2873 748 2906 F.
838 2879 857 2906 Y
877 2872 1083 2918 γέγραπται]
1105 2872 1387 2918 προσγέγραπται
1408 2871 1616 2906 F.Y.O.u.v.

110 2942 128 2962 Ζ
147 2938 256 2985 τοῦτ’]
281 2939 374 2974 ταῦτ’
397 2941 432 2975 S.
464 2935 556 2975 rgfir'
577 2941 616 2975 F.

170 3013 261 3039 vol„
284 3015 311 3039 1.
887 3020 904 3039 h
