1930 3266
288 185 374 230 292
832 188 1259 227 ΔΗΜΟΣΘΕΝΟΤΣ
1370 187 1453 225 On.
1474 185 1658 225 XVIII.
1679 198 1720 239 p.
1737 184 1864 237 278,*1

1571 296 1584 313 Χ

291 300 450 368 ξένους
489 299 675 367 τρέφειν
701 299 890 368 ἔφασαν
925 302 1019 350 δεῖν
1052 301 1128 350 καὶ
1164 298 1353 364 ζημιοῦν
1385 297 1492 351 τοὺς
1525 321 1590 361 μη
1627 302 1802 348 (ἱταῦτα
1817 303 1903 362 278

202 398 279 440 195
292 385 609 446 ποιοῦντας,ἢ
646 385 818 434 ἐκεῖνον
852 387 1099 449 αἱρεῖσθαι.
1143 384 1192 433 τί
1226 387 1297 433 δεῖ
1326 381 1385 433 τὰ
1422 381 1588 433 πολλὰ
1614 383 1802 447 λέγεινς

292 466 435 534 ᾑρέθη
474 465 567 532 γὰρ
608 468 657 516 ἐκ
701 467 879 516 τούτων
919 466 1122 531 ἡγεμών.
1166 468 1241 516 καὶ
1285 464 1403 528 μετὰ
1442 466 1568 515 ταῦτ’
1610 465 1808 518 ἐὐθέως

291 551 511 614 5δύναμιν
536 551 780 618 συλλέξας
819 553 894 600 καὶ
927 549 1181 615 παρελθὼν
1207 553 1268 604 ὡς
1307 551 1381 601 ἐπὶ
1413 549 1499 614 τὴν
1530 549 1832 615 ἴΚιρραίαν,5

291 637 558 700 “ε’ρρῶσθαι
596 640 616 660 ¹
634 633 828 702 φράσας
864 633 1029 685 πολλὰ
1063 641 1082 669 Y
1102 634 1341 699 Κιρραίοις
1380 634 1456 684 καὶ
1482 637 1696 699 Λοκροῖς,
1722 632 1809 697 τὴν

294 717 544 769 Ἐλάτειαν
595 716 962 780 καταλαμβάνει.
1029 721 1066 768 εἷ
1125 717 1209 780 μὲν
1259 718 1339 768 οὖν
1390 716 1455 781 μὴ
1505 716 1810 782 μετέγνωσαν

291 809 309 829 ²
326 801 510 863 εὐθέως,
541 808 559 828 ³
576 803 637 854 ὡς
674 805 799 851 τοῦτ’
827 799 962 863 εἶδον,
997 804 1038 852 οὶ
1075 805 1281 866 Θηβαῖοι
1315 802 1391 852 καὶ
1415 805 1519 865 μεθ’
1546 801 1679 864 ἡμῶν
1701 800 1803 866 ἐγέ-

293 908 443 946 νοντο,
481 883 645 951 ὥσπερ
683 883 960 951 χειμάρρους
1001 882 1058 935 ἂν
1090 882 1216 936 ἅπαν
1248 891 1386 935 τοῦτο
1422 884 1476 935 τὸ
1509 889 1709 950 πρᾶγμα
1744 888 1808 938 εἷς

202 981 279 1032 196
293 969 379 1033 τὴν
404 967 548 1020 πόλιν
574 968 806 1019 εἰσέπεσε·
850 974 932 1019 νῦν
959 968 1006 1019 δὲ
1032 967 1114 1019 ι’τό
1141 973 1186 1034 γ’
1212 969 1437 1037 ἐξαίφνης
1461 968 1666 1035 ἐπέσχον
1691 969 1800 1019 cat}-
1823 992 1860 1014 ιο

1660 1049 1810 1106 ἀτινὸς

293 1052 376 1104 τὸν
401 1054 574 1115 ἐκεῖνοι,
601 1050 818 1116 μάλιστα
849 1051 947 1115 μὲν,
975 1050 1011 1102 ὦ
1042 1052 1206 1117 ἄνδρες
1231 1053 1489 1116 Ἀθηναῖοι,
1515 1056 1634 1103 θεῶν

291 1138 444 1205 εὐνοίᾳ
480 1136 599 1202 πρὸς
638 1137 768 1198 ὑμᾶς,
796 1134 894 1186 εἶτα
927 1135 1083 1200 μέντοι
1123 1138 1210 1198 καὶ,
1245 1135 1363 1187 ὅσον
1398 1136 1500 1186 καθ’
1530 1136 1610 1186 ἕνα
1646 1135 1810 1201 ἄνδρα,

289 1224 364 1273 καὶ
408 1222 464 1272 δι’
507 1221 598 1285 ἐμέ.
638 1220 717 1275 δὸς
761 1221 815 1271 δέ
849 1244 928 1286 μοι
979 1220 1069 1272 ει’τοὶ
1114 1220 1329 1286 δόγματα
1379 1226 1527 1272 ταῦτα
1583 1223 1659 1272 καὶ
1701 1220 1810 1274 τοὺς

289 1305 485 1373 χρόνους
545 1306 594 1355 ἐν
644 1304 712 1358 οἶς
762 1305 941 1356 ἕκαστα
996 1304 1273 1370 πέπρακται,
1323 1304 1382 1355 ἵν’
1434 1303 1611 1369 ἰεῖδῆτε
1661 1305 1806 1369 ἡλίκα

289 1390 549 1456 πράγματα
587 1389 615 1453 ἡ
658 1388 802 1455 μιαρὰ
842 1388 1029 1456 κεφαλὴ
1074 1387 1327 1456 ταράξασα
1366 1389 1483 1453 αὕτη
1522 1389 1654 1454 δίκην
1695 1390 1860 1442 ἕοὺκῐε

293 1475 447 1525 ἔδωκε.
489 1472 629 1539 11λέγε
655 1495 734 1536 μοι
759 1471 817 1524 τὰ
845 1473 1074 1538 δόγματα.

698 1565 919 1611 iAOFMA
959 1571 1411 1612 AR'I‘DIKTTONQN.

203 1647 279 1693 197
410 1641 527 1682 ΚἘπὶ
559 1641 690 1693 ἱερέως
723 1643 1006 1693 Κλειναγόρου,
1032 1643 1184 1694 ἐαρινῆς
1214 1643 1394 1688 πυλαίας,
1419 1641 1528 1691 ἔδοξε
1558 1645 1640 1684 τοῖς
1669 1640 1812 1683 1πυλα-

354 1710 486 1762 γόροις
515 1710 577 1749 καὶ
607 1713 688 1751 τοῖς
717 1708 920 1760 συνέδροις
946 1713 1023 1749 τῶν
1053 1708 1352 1761 Ἀμφικτυόνων
1382 1716 1409 1732 ¹¹¹
1425 1710 1487 1749 καὶ
1513 1710 1565 1763 τῷ
1596 1712 1708 1764 κοινῷ
1735 1713 1811 1750 τῶν
1823 1725 1866 1746 ‘20

351 1777 663 1828 Ἀμφικτυόνων,
683 1776 815 1826 ἐπειδὴ
829 1775 1068 1827 Ἀμφισσεῖς
1091 1778 1364 1826 ἐπιβαίνουσιν
1387 1777 1449 1816 ἐπὶ
1465 1776 1534 1826 τὴν
1553 1778 1660 1828 ἱερὰν
1679 1778 1813 1829 χώραν

354 1845 415 1884 καὶ
437 1844 643 1895 σπείρουσι
666 1844 727 1883 καὶ
748 1843 977 1894 βοσκήμασι
1009 1845 1306 1894 κατανέμουσιν,
1332 1845 1515 1884 ἐπελθεῖν
1536 1843 1624 1886 τοὺς
1655 1849 1814 1884 ῃ’πυλα-

352 1912 493 1964 γόρους
525 1912 587 1950 καὶ
617 1911 703 1953 τοὺς
725 1911 945 1963 συνέδρους,
970 1911 1030 1951 καὶ
1053 1910 1213 1961 στήλαις
1245 1914 1454 1961 διαλαβεῖν
1481 1911 1570 1954 τοὺς
1601 1911 1726 1963 ὅρους,
1750 1911 1814 1952 καὶ

353 1980 534 2020 ἀπειπεῖν
555 1982 635 2020 τοῖς
653 1977 924 2031 Ἀμφισσεῦσι
945 1983 1012 2018 τοῦ
1033 1981 1174 2019 λοιποῦ
1194 1978 1245 2028 μὴ
1268 1979 1502 2030 ἐπιβαίνειν.
1826 1986 1866 2019 ²5

800 2063 1059 2103 0ΕΤΕΡΟΝ
1095 2062 1315 2103 ΔΟΓΜΑ.

205 2125 281 2179 198
409 2122 501 2163 Ἐπὶ
534 2121 664 2174 ἱερέως
696 2127 980 2176 Κλειναγόρου,
1015 2125 1168 2176 ἐαρινῆς
1197 2124 1378 2169 πυλαίας,
1412 2121 1521 2172 ἔδοξε
1551 2125 1631 2164 τοῖς
1661 2126 1816 2162 Ρπυλα-

350 2255 370 2283 q
390 2248 512 2295 ταῦτα]
538 2251 677 2283 τοιαῦτα
696 2250 731 2283 k.
843 2255 859 2273 Γ
878 2250 1000 2284 εὐθέως
1019 2250 1140 2283 A.S.k.
1177 2248 1379 2294 Legebatur
1399 2246 1508 2283 εὐθύς.
1621 2253 1636 2272 ⁸
1656 2247 1812 2294 δύναμιν]

297 2303 315 2335 ὁ
336 2303 508 2347 φίλιππος
524 2300 662 2346 δύναμιν
681 2303 750 2337 k.s.
835 2301 848 2327 t
870 2301 1048 2348 Κιρραίαν]
1074 2303 1189 2347 κίρραν
1211 2303 1245 2336 S.
1278 2301 1449 2347 καιρραῖαν
1469 2314 1495 2335 s.
1580 2306 1601 2325 ¹¹
1624 2301 1813 2348 ἐρρῶσθαι]

298 2356 450 2402 ε’ρρῶσθε
473 2356 508 2390 S.
540 2356 693 2400 ἔρρωσθε
714 2356 760 2395 Q.
846 2362 866 2381 X
887 2357 1026 2401 φράσας
1045 2356 1178 2401 πολλὰ]
1203 2357 1320 2389 πολλὰ
1340 2357 1480 2401 φράσας
1499 2355 1611 2388 A.k.s.
1695 2361 1714 2388 Y
1735 2360 1816 2401 Κιρ-

297 2408 421 2455 ραίοις]
456 2408 638 2455 καιρραίοις
658 2423 684 2443 s.
717 2411 770 2444 καὶ
789 2410 949 2455 κιρραίυις
980 2409 1339 2454 1¹¹.Q.Y.O.p.r.t.u.v.
1492 2415 1509 2433 Z
1538 2408 1676 2454 εὐθέως]
1696 2409 1819 2444 A.S.k.

299 2463 500 2509 Legebatur
519 2461 629 2498 εὐθύς.
767 2469 786 2488 ²²
809 2463 853 2498 ὡς
872 2466 973 2497 τοῦτο
993 2459 1083 2497 εἶδον
1102 2464 1133 2495 οἱ
1153 2475 1222 2496 om.
1246 2462 1489 2508 F.Y.O.p.t.u.
1511 2461 1548 2495 in
1565 2476 1621 2507 γρ.
1641 2462 1748 2496 habet
1768 2462 1816 2501 Q.

588 2526 608 2543 ,Γ

298 2555 318 2583 b
339 2557 411 2605 τόγ’
435 2559 518 2599 S.Q.
552 2561 624 2605 τόγ’
646 2559 686 2595 F.
718 2561 797 2594 τότε
817 2560 897 2605 Y.p.
921 2565 956 2594 et
976 2564 1153 2594 correctus
1172 2571 1202 2594 r.
1223 2561 1326 2592 τοῦτο
1345 2571 1385 2604 γε
1405 2558 1518 2592 A.k.s.
1547 2558 1625 2591 τότε
1644 2557 1677 2603 γ’
1697 2558 1817 2604 vulgo.

299 2651 316 2671 ⁰
335 2646 438 2680 αὐτὸν
458 2660 527 2682 om.
549 2649 663 2682 A.k.s.
685 2648 721 2681 in
737 2662 792 2693 γρ.
809 2647 940 2681 habent
957 2646 1044 2685 F..Q
1128 2642 1144 2666 ‘¹
1163 2645 1270 2692 τινὸς]
1295 2615 1394 2679 rave&
1414 2644 1458 2679 Ο.
1487 2647 1587 2678 τινῶν
1606 2657 1642 2678 u.
1740 2649 1756 2670 e
1776 2645 1819 2679 τὰ

299 2700 453 2745 δόγματα
472 2701 595 2747 ταῦτα]
619 2703 725 2735 ταῦτα
745 2701 787 2735 τὰ
806 2700 959 2746 δόγματα
978 2713 1006 2734 r.
1107 2696 1122 2724 f
1137 2699 1264 2745 εἰδῆτε]
1288 2699 1407 2733 εἰδεῖτε
1428 2698 1471 2732 Ο.
1575 2703 1596 2732 ἕ
1615 2698 1676 2732 οὐκ
1694 2698 1815 2744 ἔδωκε]

299 2754 339 2787 οὐ
359 2754 501 2788 δέδωκεν
520 2756 722 2801 A.Y.k.p.s.
853 2751 871 2778 h
894 2754 974 2800 λέγε
994 2753 1068 2800 μοι]
1094 2751 1149 2787 καί
1165 2767 1223 2796 μοι
1242 2753 1323 2798 λέγε
1345 2752 1488 2786 A.k.r.S.
1613 2748 1622 2776 i
1644 2751 1816 2797 ΔΟΓΜΑ]

300 2807 454 2852 δόγματα
475 2808 685 2848 S.Q.O.k.v.
815 2804 835 2832 k
856 2807 1046 2842 Decretum
1067 2811 1257 2852 utrumque
1277 2818 1346 2840 om.
1367 2806 1408 2839 A.
1425 2819 1432 2839 z
1462 2805 1569 2840 habet
1588 2817 1670 2840 vero
1689 2805 1820 2839 utrius-

301 2872 369 2905 que
388 2861 528 2896 lemma.
667 2859 677 2886 Ῑ
697 2861 906 2906 πυλαγόροις
927 2861 1140 2899 F.S.Y.Q.r.
1169 2861 1380 2906 πυλαγόραις
1397 2859 1516 2905 vulgo.
1651 2864 1681 2883 Π]
1701 2859 1754 2892 καὶ
1772 2860 1821 2905 τῷ

302 2917 401 2961 κοινῷ
416 2918 483 2948 τῶν
497 2915 755 2961 Ἀμφικτυόνων
769 2927 839 2949 om.
856 2915 1121 2949 F.S.O.1·.t.u.v.
1199 2920 1218 2939 ¹¹
1239 2914 1457 2959 πυλαγόρους
1472 2912 1680 2951 F.S.Y.Q.r.
1709 2913 1821 2945 πυλα-

301 2969 405 3014 γόρας
423 2969 541 3014 vulg-0.
617 2975 635 2994 ⁰
654 2973 827 3003 ETEPON
842 2980 914 3003 om.
928 2981 960 3003 v.
1034 2976 1053 3005 Ρ
1071 2966 1295 3014 πυλαγόροις]
1315 2966 1445 3001 F.S.O.
1477 2967 1687 3012 πυλαγόροις
1699 2965 1818 3011 vulgo,
