1903 3271
224 172 309 214 468
768 180 1197 220 AHMOE&ENOT2
1343 179 1428 219 Oa.
1447 178 1588 218 XIX.
1611 193 1652 233 p.
1671 189 1771 230 442,

221 285 404 350 γάσθαι
441 287 527 351 τὴν
560 288 704 340 πόλιν
730 289 964 356 ὡμολόγει
997 291 1454 356 γεγραμματευκέναι
1492 294 1566 342 καὶ
1603 290 1740 358 χάριν

221 370 328 433 ὑμῖν
367 370 487 437 ἔχειν
526 378 609 423 τοῦ
647 377 1040 440 χειροτονηθῆναι,
1067 376 1142 424 καὶ
1176 374 1363 440 μέτριον
1392 379 1611 441 παρεῖχεν
1634 375 1794 425 ἑαυ-ιο

121 455 201 508 361
219 451 317 504 τόν·
364 454 520 519 ἐπειδὴ
565 455 613 506 δὲ
653 457 796 522 μυρία
840 457 1085 522 εἴργασται
1135 457 1270 519 κακὰ,
1314 457 1398 511 τὰς
1447 459 1597 525 ὀφρῦς
1639 457 1740 508 ἀνέ-

217 558 392 595 σπακε,
433 537 557 588 (Ᾰκᾶν
597 540 667 588 “5
707 537 1136 605 γεγραμματευκὼς
1175 540 1431 606 Αἰσχίνης”
1473 546 1488 565 r
1508 539 1614 606 ε’ίπῃ
1657 561 1740 600 τις,

219 619 413 687 Βέχθρὸς
465 621 631 675 εὐθέως
671 624 748 671 καὶ
798 622 981 675 ἴκακῶς
1028 624 1180 689 φησὶν
1231 622 1488 683 ἀκηκοέναι,
1539 624 1614 673 καὶ
1665 621 1741 672 διὰ

216 706 300 767 τῆς
335 705 510 769 ἀγορᾶς
547 703 793 770 πορεύεται
830 703 1110 767 “θοῖμάτιον
1145 707 1300 758 καθεὶς
1333 705 1444 773 ἄχρι
1481 710 1576 756 τῶν
1601 709 1734 773 σφυ-
1754 721 1790 754 15

214 790 331 852 ρῶν,
374 787 459 837 ἰ’σα
499 788 678 847 βαίνων
727 791 979 849 Πυθοκλεῖ,
1021 786 1104 840 τὰς
1144 787 1348 852 γνάθους
1388 792 1574 856 φυσῶν,
1608 793 1740 840 Χτῶν

216 871 461 922 Φιλίππου
488 879 502 907 5
515 871 661 940 ξένων
680 873 755 922 καὶ
784 873 940 940 φίλων
961 871 1024 925 εἷς
1043 872 1178 926 οὗτος
1201 873 1306 935 ὑμῖν
1333 873 1435 937 ἤδη,
1462 877 1557 923 τῶν
1583 874 1739 923 ἀπαλ-

215 957 420 1020 λαγῆναι
455 960 538 1005 τοῦ
575 953 725 1019 δήμου
750 955 1055 1019 βουλομένων
1091 958 1168 1006 καὶ
1203 956 1422 1007 κλύδωνα
1455 960 1530 1007 καὶ
1567 956 1740 1019 μανίαν

214 1038 275 1088 τὰ
313 1037 640 1102 καθεστηκότα
676 1037 919 1105 πράγμαθ’
954 1039 1239 1104 ἡγουμένων,
1279 1041 1304 1090 ὃ
1340 1039 1486 1094 Ζτέως
1518 1063 1734 1106 προσκυ-

215 1125 308 1172 νῶν
333 1121 420 1186 τὴν
446 1120 604 1173 θόλον.
1750 1137 1791 1159 ²0

117 1213 201 1267 362
290 1203 534 1269 Βούλομαι
559 1206 716 1256 τοίνυν
741 1207 876 1268 ὃὺμῖν
902 1207 1117 1257 ἐπελθεῖν
1141 1208 1217 1258 ἐπὶ
1243 1207 1517 1274 κεφαλαίων
1543 1205 1597 1257 ὃν
1622 1205 1732 1272 τρό-

211 1311 305 1340 πον
343 1289 460 1352 ὑμᾶς
498 1288 928 1340 κατεπολιτεύσατο
969 1287 1242 1344 ἱ’Φίλιππος
1279 1289 1581 1355 προσλαβὼν
1623 1290 1732 1341 τού-

212 1395 321 1426 τους
358 1371 497 1425 οτοὺς
542 1377 662 1426 θεοῖς
707 1372 920 1440 ἐχθρούς.
969 1373 1094 1424 πάνυ
1134 1374 1172 1423 δ’
1217 1373 1352 1442 ἄξιον
1393 1372 1616 1442 ἐξετάσαι
1660 1376 1737 1425 καὶ

214 1455 483 1507 θεάσασθαι
521 1455 608 1520 τὴν
634 1455 820 1520 ἀπάτην
846 1455 982 1520 ὅλην.
1025 1456 1080 1507 τὸ
1111 1456 1197 1520 μὲν
1231 1456 1326 1523 γὰρ
1359 1458 1440 1508 ἀπ’
1467 1459 1615 1524 ἀρχῆς
1652 1460 1737 1521 τῆς

212 1539 395 1607 εἰρήνης
432 1542 685 1603 ἐπιθυμῶν,
713 1539 1114 1609 ἀδιαφορουμένης
1148 1541 1291 1592 αὐτοῦ
1328 1544 1410 1604 τῆς
1449 1541 1605 1607 χώρας
1645 1539 1786 1595 ὖπὸ25
1818 1594 1821 1596 ,

1598 1622 1613 1650 f

211 1628 307 1675 τῶν
343 1628 540 1692 λῃστῶν
576 1627 652 1675 καὶ
691 1625 1023 1687 εκεκλειμένων
1055 1628 1151 1675 τῶν
1181 1625 1428 1690 ἐμπορίων,
1456 1622 1570 1674 ὥστ’
1618 1623 1732 1675 ἀνό-

212 1730 353 1771 νητον
377 1709 551 1758 ἐκεῖνον
577 1706 799 1758 ἁπάντων
826 1706 940 1758 εῖναι
965 1712 1060 1758 τῶν
1087 1709 1292 1772 ἀγαθῶν,
1314 1706 1421 1760 τοὺς
1447 1714 1467 1742 g
1476 1706 1537 1757 τὰ
1563 1706 1736 1776 φιλάν-

210 1793 380 1857 θρωπα
406 1790 635 1856 λέγοντας
670 1791 869 1845 ἐκείνους
895 1790 1174 1841 ἀπέστειλεν
1201 1788 1316 1855 ὑπὲρ
1342 1791 1497 1852 αὑτοῦ,
1524 1788 1607 1841 τὸν
1634 1794 1731 1841 Νε-

113 1879 196 1933 363
212 1873 492 1937 οπτόλεμον,
517 1874 600 1926 τὸν
624 1873 989 1941 Ἀριστόδημον,
1009 1872 1093 1924 τὸν
1116 1877 1462 1941 Κτησιφῶντα·
1505 1872 1661 1939 ἐπειδὴ
1688 1873 1736 1926 δὲ
1747 1886 1828 1927 443

210 1957 421 2022 ἤλθομεν
465 1960 528 2012 ὡς
569 1956 711 2009 αὑτὸν
752 1958 881 2021 ἡμεῖς
931 1961 975 2008 οἱ
1015 1957 1256 2023 πρέσβεις,
1298 1956 1605 2020 ἐμισθώσατο
1650 1956 1738 2022 μὲν

211 2041 408 2092 ιΊτοῦτον
430 2043 611 2104 εὐθέως,
632 2042 759 2096 ὅπως
784 2040 993 2107 ἰσυνερεῖ
1013 2043 1090 2091 καὶ
1110 2045 1472 2105 συναγωνιεῖται
1497 2045 1564 2110 τῷ
1583 2045 1737 2110 μιαρῷ

212 2124 496 2192 Φιλοκράτει
535 2127 610 2176 καὶ
644 2129 740 2177 τῶν
764 2124 825 2176 τὰ
850 2125 1003 2176 δίκαια
1037 2124 1344 2187 βουλομένων
1378 2123 1540 2189 1(ἡμῶν
1577 2124 1729 2192 πράτ-

265 2277 286 2306 q
305 2270 383 2319 κᾶν]
401 2272 453 2305 καὶ
472 2283 502 2305 r.
647 2276 662 2295 ¹¹
682 2269 778 2317 εἴπῃ]
803 2269 894 2305 εἴποι
912 2283 976 2307 r.s.
1127 2277 1142 2296 S
1165 2272 1288 2317 ἐχθρὸς
1306 2271 1446 2317 εὐθέως]
1471 2271 1594 2306 εὐθέως
1611 2271 1734 2317 ἐχθρὸς

209 2326 325 2360 A.k.s.
437 2323 452 2349 t
470 2323 593 2369 κακῶς]
617 2325 715 2359 κακός
734 2336 763 2359 r.
878 2331 896 2350 ¹¹
918 2325 1094 2369 θοίμάτιον
1111 2336 1191 2359 cum
1208 2325 1374 2359 coronide
1397 2325 1432 2359 S.
1452 2337 1525 2359 non
1546 2325 1732 2368 θοιμάτιον,

209 2384 250 2413 ut
268 2378 388 2424 vulgo.
509 2382 531 2402 Χ
550 2380 618 2412 τῶν
636 2377 827 2423 Φιλίππου]
852 2380 913 2411 τοῦ
933 2378 1107 2422 φιλίππου
1127 2391 1162 2413 u.
1279 2384 1299 2411 Y
1319 2380 1423 2422 ξένων
1441 2379 1494 2411 καὶ
1514 2376 1646 2424 φίλων]
1671 2377 1731 2422 φί-

209 2433 280 2466 λων
299 2433 352 2466 καὶ
371 2433 475 2476 ξένων
493 2443 521 2465 r.
688 2435 704 2455 Ζ
731 2430 830 2476 τέως]
854 2430 936 2466 τέως
954 2433 1070 2477 πρώην
1091 2431 1423 2470 F.S.Y.Q.O.t.u.v.
1446 2443 1487 2465 ex
1508 2432 1731 2477 glossemate.

211 2485 407 2519 Scholiasta
436 2484 594 2518 Platonis
619 2496 655 2529 p.
678 2494 768 2530 334.
797 2485 880 2519 τέως
910 2484 1011 2527 δηλοῖ
1038 2486 1078 2518 τὸ
1108 2486 1174 2529 πρὸ
1204 2487 1277 2519 τοῦ.
1324 2485 1543 2528 Δημοσθένης
1570 2485 1625 2517 “ὁ
1650 2485 1734 2520 τέως

208 2541 411 2585 προσκυνῶν
429 2537 491 2581 τὴν
509 2536 649 2572 θόλον.”
793 2542 812 2562 θ’
831 2537 909 2582 ὑμῖν
928 2538 1084 2572 ἐπελθεῖν
1103 2538 1158 2571 ἐπὶ
1178 2537 1374 2582 κεφαλαίων
1395 2537 1526 2572 S.Y.O.
1548 2543 1583 2571 et
1603 2552 1660 2583 γρ.
1684 2537 1730 2576 Q.

208 2591 287 2636 ὑμῖν
306 2592 360 2625 ἐπὶ
375 2590 570 2635 κεφαλαίων
588 2590 744 2624 ἐπελθεῖν
761 2603 795 2625 v.
827 2590 905 2634 ὑμῖν
925 2591 1121 2625 ἐπανελθεῖν
1147 2592 1202 2625 ε’πὶ
1221 2591 1416 2636 κεφαλαίων
1434 2592 1548 2626 A.k.s.
1579 2591 1657 2634 ὑμῖν
1677 2591 1732 2625 ἐπὶ

207 2645 403 2691 κεφαλαίων
423 2644 621 2678 ἐπανελθεῖν
640 2644 730 2683 F.Q.
776 2644 831 2678 ἐπὶ
851 2645 1046 2688 κεφαλαίων
1067 2645 1143 2688 ὑμῖν
1163 2644 1359 2678 ἐπανελθεῖν
1377 2657 1407 2678 r.
1453 2645 1529 2688 ὑμῖν
1548 2644 1602 2678 ἐπὶ
1622 2645 1730 2688 κεφα-

206 2699 312 2732 λαίων
331 2698 444 2732 ἐλθεῖν
462 2703 527 2731 t.u.
636 2693 656 2721 b
676 2696 864 2742 Φίλιππος]
889 2699 907 2731 ὁ
927 2698 1098 2743 φίλιππος
1116 2710 1145 2733 r.
1256 2703 1273 2723 0
1291 2697 1388 2744 τοὺς]
1408 2700 1479 2734 τοῖς
1498 2710 1524 2732 r.
1618 2693 1636 2722 d
1656 2697 1728 2732 δια-

232 2749 304 2781 θειρσ

208 2786 422 2831 φορουμένης
436 2785 471 2818 k.
581 2790 597 2809 e
617 2784 836 2827 κεκλειμένων
855 2785 1062 2820 A.S.Y.O.s.
1094 2784 1339 2829 κεκλεισμένων
1357 2785 1476 2831 vulgo.
1527 2784 1631 2820 Conf.
1653 2796 1726 2818 var.

207 2839 287 2873 lect.
304 2839 396 2884 adp.
417 2836 505 2883 803,
531 2849 589 2884 29.
619 2836 730 2877 1260,
755 2848 815 2883 23.
956 2835 971 2864 f
987 2837 1165 2884 ἀνόνητον]
1188 2838 1330 2882 ἀνόητον
1344 2851 1373 2874 S.
1513 2844 1529 2868 ἕ
1548 2840 1590 2872 τὰ
1609 2850 1679 2872 om.
1695 2849 1727 2871 v.

208 2888 226 2916 h
248 2895 368 2926 τοῦτον
389 2891 527 2937 εὐθέως]
553 2892 673 2927 εὐθέως
694 2894 817 2926 τοῦτον
836 2892 950 2927 A.k.s.
1062 2890 1072 2918 i
1093 2892 1247 2938 συνερεῖ]
1267 2894 1426 2939 συνεργεῖ
1445 2905 1482 2927 u.
1575 2888 1597 2916 k
1618 2889 1726 2936 ἡμῶν]

209 2958 301 3020 ἐμῶν
321 2979 365 3017 Q.
397 2978 488 3022 ὑμῶν
508 2979 589 3012 A.k.
