1903 3271
200 165 284 206 466
746 173 1173 211 ΔΗΜΟΣΘΕΝΟΎΣ
1308 172 1392 211 On.
1417 170 1554 210 XIX.
1578 184 1618 225 p.
1633 181 1730 222 440,
1750 147 1877 211 10-J

201 278 332 328 ἀλλὰ
368 284 597 330 τοσοῦτον
631 280 840 334 εἰπόντος
878 281 1036 344 μόνον,
1065 281 1134 332 ὅτι
1169 282 1467 348 Φιλοκράτης
1500 287 1721 348 γυναῖκας
1739 307 1776 330 ιο

204 362 367 427 ἤγαγε,
414 363 622 417 Χπόιντας
674 366 791 426 ὑμᾶς
844 365 1006 415 εἰδέναι
1066 367 1143 415 καὶ
1193 365 1301 420 τοὺς
1357 365 1724 432 περιεστηκότας

204 444 296 495 )’τὰ
346 446 464 508 μετὰ
505 453 665 508 ταῦτα,
719 450 795 497 καὶ
846 450 1004 510 ἐλεεῖν,
1056 448 1104 497 εὖ
1156 445 1238 498 οἶδ’
1283 448 1367 511 ὅτι,
1409 448 1492 501 τὰς
1543 451 1726 514 ἀτυχεῖς

204 531 279 578 καὶ
321 529 650 595 ταλαιπώρους
688 530 979 595 ἀνθρώπους,
1021 528 1074 583 ἃς
1116 531 1199 581 οὐκ
1242 530 1444 595 ἠλέησεν
1481 531 1727 599 Αἰσχίνης,

205 613 300 662 οὐδ’
341 612 598 678 ἐδάκρυσεν
639 614 713 662 ἐπὶ
746 612 936 666 ταύταις
972 613 1058 676 τὴν
1094 614 1354 677 ΖἙλλόιδα,
1394 619 1431 665 εἰ
1468 615 1598 680 παρὰ
1632 619 1728 668 τοῖς
1744 637 1779 668 ¹5

108 695 474 762 354συμμάχοις
526 696 616 746 ὑπὸ
667 700 762 745 τῶν
812 697 1064 762 πρέσβεων
1115 699 1394 765 ὑβρίζονται.
1453 700 1562 748 ἀλλ’
1614 698 1730 764 ὑπὲρ

206 780 348 828 αὑτοῦ
391 786 407 804 ‘¹
424 778 624 842 κλαήσει
670 778 688 805 '³
705 785 788 829 τοῦ
839 780 899 830 τὰ
943 787 1135 831 τοιαῦτα
1184 781 1610 848 πεπρεσβευκότος,
1655 784 1731 832 καὶ

205 860 265 912 τὰ
315 863 478 912 παιδία
541 861 657 915 ἰ’σως
717 860 952 931 οπαράξει
1015 867 1091 914 καὶ
1142 867 1444 926 ἀναβιβᾶται.
1514 867 1640 928 ὑμεῖς
1691 867 1728 916 δ’

206 946 495 1007 ἐνθυμεῖσθε,
522 943 558 994 ὦ
586 945 750 1011 ἄνδρες
777 949 1010 1008 δικασταὶ,
1037 946 1155 1013 πρὸς
1195 947 1280 1011 μὲν
1316 948 1375 998 τὰ
1411 948 1578 999 τούτου
1615 972 1728 1000 παι-

207 1029 296 1090 δία,
336 1028 406 1078 ὅτι
445 1033 645 1079 πολλῶν
684 1029 952 1097 συμμάχων
997 1031 1228 1098 ὑμετέρων
1267 1034 1342 1082 καὶ
1383 1034 1540 1100 φίλων
1571 1036 1731 1086 παῖδες
1746 1056 1787 1078 20

208 1113 416 1162 ἀλῶνται
457 1114 531 1161 καὶ
574 1115 755 1179 πτωχοὶ
799 1113 1124 1180 περιέρχονται
1166 1113 1292 1164 δεινὰ
1331 1113 1616 1167 πεπονθότες
1658 1113 1734 1165 διὰ

207 1201 387 1258 τοῦτον,
415 1195 493 1248 οὓς
520 1197 665 1246 ἐλεεῖν
691 1200 864 1265 πολλῷ
889 1202 1080 1259 μᾶλλον
1108 1199 1214 1259 ὑμῖν
1240 1197 1375 1265 ἄξιον
1401 1196 1429 1261 ἢ
1457 1196 1592 1250 (Ῑτοὺς
1627 1203 1735 1248 Ετοῦ

112 1278 223 1333 355f
235 1285 427 1330 τοιαῦτα
463 1278 765 1343 ἕήδικηκότος
800 1283 876 1331 καὶ
902 1281 1136 1347 προδότου
1171 1281 1363 1347 πατρὸς,
1392 1280 1494 1331 ὴκαὶ
1522 1281 1592 1332 ὅτι
1629 1281 1736 1335 τοὺς

211 1362 456 1428 ὑμετέρους
497 1366 669 1416 παῖδας
710 1364 850 1423 οὗτοι,
891 1371 916 1393 “
933 1367 1008 1414 καὶ
1046 1369 1142 1417 τοῖς
1182 1362 1436 1429 ἰε’κγόνοις”
1478 1364 1729 1431 προσγρά-
1749 1387 1787 1419 25

211 1450 391 1515 ψαντες
429 1445 521 1500 Κεῖς
559 1446 644 1511 τὴν
681 1447 879 1513 εἰρήνην,
909 1449 983 1498 καὶ
1017 1452 1111 1498 τῶν
1140 1449 1344 1498 ἐλπίδων
1371 1447 1739 1514 ἀπεστερήκασι,

211 1529 330 1596 πρὸς
358 1528 406 1580 δὲ
434 1529 493 1580 τὰ
519 1528 679 1580 Ῑαύτοῦ
705 1531 872 1581 τούτου
899 1530 1090 1596 δάκρυα,
1118 1530 1189 1581 ὅτι
1217 1536 1298 1581 νῦν
1325 1530 1450 1597 ε”χετε
1477 1531 1740 1597 ἄνθρωπον,

215 1613 264 1667 ὃς
291 1618 352 1666 εἷς
379 1614 636 1679 Ἀρκαδίαν
662 1621 692 1639 ¹¹¹
704 1614 912 1664 ἐκέλευεν
938 1616 1011 1664 ἐπὶ
1032 1612 1139 1666 τοὺς
1174 1613 1287 1676 ὑπὲρ
1315 1614 1559 1664 Φιλίππου
1584 1613 1739 1680 πράτ-

117 1706 201 1760 356
215 1720 382 1750 τοντας
421 1696 623 1758 πέμπειν
650 1696 757 1750 τοὺς
797 1705 815 1722 ¹¹
835 1697 1267 1763 κατηγορήσοντας.
1312 1703 1394 1747 νῦν
1432 1697 1588 1747 τοίνυν
1626 1699 1744 1760 ὑμᾶς

215 1782 298 1832 οὐκ
338 1785 399 1834 εἷς
440 1780 819 1845 Πελοπόννησον
853 1784 924 1830 δεῖ
953 1781 1215 1844 πρεσβείαν
1252 1779 1467 1843 πέμπειν,
1502 1781 1599 1830 οὐδ’
1633 1779 1833 1838 ὁδὸν44ῐ

353 1861 366 1879 Χ
547 1864 558 1881 Ι
729 1865 739 1878 ²
773 1864 782 1879 Ὶ
835 1866 844 1879 9
897 1862 907 1877 l
1044 1865 1054 1878 9
1165 1864 1175 1878 Ι
1374 1865 1383 1878 5
1524 1862 1547 1880 ‚l
1722 1868 1742 1878 Α

214 1886 400 1929 μακραν
441 1866 653 1925 βαδισαι,
691 1867 772 1913 ουδ
821 1865 987 1931 εφοδια
1028 1870 1317 1923 αναλισκειν,
1358 1867 1471 1913 αλλ’
1512 1885 1621 1930 αχρι
1659 1885 1743 1914 του

216 1946 430 2011 βήματος
481 1954 498 1972 ⁰
515 1948 700 1997 ἐνταυθὶ
751 1954 770 1981 Ρ
786 1946 1122 2012 προσελθόντα
1186 1946 1389 1996 ἕκαστον
1442 1948 1571 2009 ὑμῶν
1623 1945 1745 2010 Ἷτὴν

219 2031 358 2080 ὁσίαν
385 2032 459 2080 καὶ
485 2029 571 2094 τὴν
606 2030 787 2080 δικαίαν
827 2033 1024 2098 Γψῆφον
1052 2028 1165 2095 ὑπὲρ
1192 2031 1274 2092 τῆς
1312 2029 1537 2095 πατρίδος
1576 2028 1773 2081 θέσθαι5

220 2115 318 2164 κατ’
361 2113 543 2179 ἀνδρὸς,
582 2112 645 2175 ὃς,
686 2111 723 2163 ῶ
761 2116 822 2178 γῆ
869 2115 944 2163 καὶ
990 2115 1099 2175 θεοὶ,
1141 2114 1290 2163 ἐκεῖνα
1331 2111 1362 2163 ἃ
1406 2112 1657 2181 διεξῆλθον
1696 2116 1746 2165 ἐν

220 2199 343 2264 ἀρχῇ
381 2195 787 2262 δεδημηγορηκὼς,
816 2196 899 2247 τὸν
934 2200 1228 2261 Μαραθῶνα,
1256 2195 1341 2260 τὴν
1369 2200 1636 2260 Σαλαμῖνα,
1661 2196 1746 2251 τὰς

275 2279 287 2293 Ι
481 2279 494 2297 X
624 2279 634 2295 Ι
830 2281 840 2295 )
913 2281 924 2296 Ι
1127 2282 1138 2296 G
1250 2281 1259 2295 9
1311 2280 1323 2296 Ι
1672 2281 1683 2299 Ι

219 2303 389 2347 μαχας,
441 2303 500 2329 τα
552 2303 766 2345 τροπαια,
818 2280 1057 2348 εξαιφνης,
1111 2302 1173 2332 ως
1237 2286 1382 2343 επεβη
1437 2283 1746 2344 Μακεδονιας,

276 2437 295 2456 ¹
316 2432 460 2478 πάντας]
484 2430 633 2467 ἅπαντας
652 2432 766 2465 A.k.s.
864 2437 880 2461 Y
903 2433 943 2465 τὰ
964 2444 1034 2466 om.
1059 2431 1357 2471 F.S.Y.Q.O.r.u.
1381 2438 1416 2466 et
1435 2445 1486 2477 pr.
1508 2437 1535 2467 t.
1630 2438 1648 2457 Ζ
1668 2431 1748 2466 Ἐλ-

222 2485 326 2531 λάδα]
352 2484 476 2519 ἐλπίδα
495 2485 608 2519 A.k.S.
713 2490 731 2509 a
751 2484 910 2531 κλαήσει]
935 2485 1091 2529 κλαιήσει
1113 2485 1148 2519 S.
1180 2485 1365 2518 κλαύσεται
1385 2486 1534 2521 A.k.1·.s.
1646 2481 1666 2510 b
1688 2487 1747 2519 τοῦ

222 2538 281 2581 τὰῙ
303 2540 408 2571 ταῦτα
428 2538 463 2571 k.
574 2542 587 2558 ς
607 2538 768 2583 παράξει]
793 2539 930 2582 παρέξει
952 2551 979 2573 s,
1097 2536 1112 2558 ‘¹
1133 2538 1213 2573 τοὺς
1232 2550 1302 2572 om.
1325 2538 1371 2577 Q.
1485 2544 1500 2563 e
1530 2539 1591 2572 τοῦ
1611 2550 1683 2573 om.
1706 2538 1745 2572 F.

223 2591 417 2626 Y-O.t.u.v.
512 2587 528 2615 f
544 2593 682 2625 τοιαῦτα
704 2603 773 2625 om.
797 2591 833 2625 S.
864 2594 1016 2625 τοσοῦτα
1035 2591 1282 2630 Y.Q.O.t.u.v.
1394 2597 1415 2625 g
1434 2589 1647 2638 ἠδικηκότος]
1674 2589 1746 2635 ἢδι-

224 2645 364 2687 κηκότας
385 2643 578 2678 ΕΟΛΜΙΝ.
730 2641 751 2668 h
777 2645 830 2677 καὶ
850 2643 902 2677 ὅτι
923 2645 1001 2679 τοὺς
1022 2645 1202 2690 ὑμετέρους
1221 2643 1358 2690 παῖδας]
1384 2645 1505 2679 παῖδας
1528 2643 1586 2680 οὒς
1605 2645 1747 2679 A.k.r.s.

224 2693 233 2720 i
257 2696 424 2742 ἐκγόνοις]
450 2697 585 2732 ἐκείνοις
605 2708 639 2730 u.
716 2693 736 2721 k
757 2697 803 2732 εἷς
822 2697 957 2731 addidit
976 2697 1152 2732 Reiskius.
1183 2696 1287 2731 Conf.
1308 2709 1344 2742 p.
1368 2696 1458 2743 368,
1484 2707 1544 2732 22.
1613 2694 1624 2722 Ῑ
1643 2697 1749 2731 αὐτοῦ

225 2761 296 2784 om.
316 2750 460 2783 A.k.r.s.
586 2755 616 2774 ¹1¹
637 2748 790 2783 ἐκέλευεν
811 2750 1040 2789 F.S.Q.t.u.v.
1071 2751 1253 2784 ἐκέλευσεν
1272 2750 1390 2796 vulgo.
1521 2756 1541 2774 Π
1562 2749 1747 2796 κατηγορή-

226 2803 366 2848 σοντας]
393 2802 689 2847 κατηγορήσαντας
709 2803 822 2837 A.k.r.
892 2808 910 2827 0
930 2803 1063 2837 ἐνταυθὶ
1085 2804 1121 2838 S.
1156 2803 1379 2837 scribebatur
1399 2803 1565 2838 ἐνταυθοῖ.
1624 2810 1644 2840 Ρ
1663 2817 1748 2849 προ-

226 2856 369 2888 ελθόντα
390 2856 533 2890 A.k.r.s.
556 2862 590 2889 et
610 2870 664 2900 γρ.
686 2856 732 2894 Q.
763 2857 1003 2901 προσελθόντα
1030 2856 1363 2895 F.S.Y.Q.O.t.u.v.
1519 2862 1539 2889 (Ι
1569 2856 1629 2899 τὴν
1648 2855 1748 2890 ὁσίαν

225 2909 278 2941 καὶ
298 2909 358 2952 τὴν
378 2909 507 2942 δικαίαν
529 2908 765 2943 S.Y.O.t.u.v.
795 2909 856 2952 τὴν
871 2909 1000 2943 δικαίαν
1020 2910 1073 2943 καὶ
1093 2909 1192 2943 ὁσίαν
1208 2910 1320 2944 A.k.s.
1351 2909 1412 2953 τὴν
1432 2907 1532 2944 ὁσίαν
1547 2909 1599 2943 καὶ
1619 2909 1748 2944 δικαίαν

228 2960 347 2999 F.Q.r.
462 2969 475 2987 r
495 2961 637 3007 ψῆφον]
662 2960 786 3006 ταύτην
806 2962 931 3007 ψῆφον
951 2962 1227 3002 F.Q.O.r.t.u.v.
