1930 3266
55 221 152 265 331,
177 224 227 249 18.
579 207 705 244 ΠΕΡΙ
735 205 846 244 TOT
875 205 1178 243 ΣΤΕΦΑΝΟΤ.
1548 205 1631 247 349

121 329 208 371 λον
245 318 338 384 γὰρ
378 318 449 369 ὅτι
483 319 557 367 καὶ
597 320 697 366 κατ’
734 317 929 367 ἐκείνους
968 313 1095 378 ἦσάν
1127 322 1284 376 ὃτινες,
1312 314 1381 365 bo?
1417 316 1630 380 διέσυρον

122 413 137 432 ⁰
152 403 236 467 μὲν
285 399 390 454 τοὺς
437 399 574 452 ὄντας
623 398 740 457 τότε,
786 397 892 451 τοὺς
942 398 989 449 δὲ
1029 399 1256 464 πρότερον
1301 398 1632 463 γεγενημένους

121 487 358 554 ᾰέπῄνουν,
397 484 642 545 βάσκανον
682 487 881 548 πρᾶγμα
925 489 941 508 ‘³
960 484 1035 532 καὶ
1074 481 1215 532 ταύτὸ
1253 487 1493 534 ποιοῦντες
1531 482 1627 531 σοι’.

28 592 104 634 391
122 568 219 621 εἶτα
258 569 410 633 λέγεις
454 570 515 620 ὡς
559 565 690 617 οὐδὲν
734 564 890 629 ὅμοιός
935 569 1025 628 εἶμι
1069 566 1252 618 ἐκείνοις
1297 564 1423 630 ἐγώ;
1486 563 1550 614 σὺ
1592 565 1628 614 δ’
1647 591 1683 620 25

120 653 289 715 ὅμοιος,
331 652 570 718 Αἰσχίνη;
615 651 639 699 ὁ
680 648 747 698 f3'
795 647 1003 716 ἀδελφὸς
1040 649 1065 698 ὁ
1111 647 1231 710 σός,
1276 647 1426 700 ἄλλος
1473 647 1527 697 δέ
1565 670 1633 700 τις

119 741 212 788 τῶν
253 741 373 786 8νῦν
416 733 661 801 ῥητόρων,
711 732 803 797 ε’γῶ
847 731 931 795 μὲν
978 731 1072 798 γὰρ
1117 730 1279 781 οὐδένα
1323 731 1459 799 φημί.
1503 729 1634 780 ἀλλὰ

118 818 237 886 πρὸς
273 818 380 871 τοὺς
420 817 606 883 ζῶντας,
635 815 671 867 ὦ
697 816 890 884 χρηστὲ,
926 817 1000 867 ἵνα
1038 815 1180 880 μηδὲν
1218 814 1369 865 11ἄλλ’
1398 815 1524 875 ε’ίπω,
1552 814 1634 865 τὸν

120 907 268 974 ζῶντα
292 899 472 970 ἐξέταζε
511 902 586 951 καὶ
619 899 725 953 τοὺς
760 898 882 949 ἰκαθ’
911 897 1066 960 αὑτὸν,
1092 896 1255 964 ὥσπερ
1280 897 1440 948 τᾶλλα
1464 897 1631 959 πάντα,

27 985 262 1054 392¹‘robs’
311 983 519 1048 ποιητὰς,
559 981 666 1036 τοὺς
703 982 910 1050 1χοροὺς,
951 982 1058 1035 τοὺς
1096 980 1378 1047 ἀγωνιστάς.
1423 983 1447 1032 ὁ
1493 985 1627 1031 1ΓΠΦι-
1645 989 1725 1032 331

120 1069 323 1132 λάμμων
350 1069 436 1135 οὐχ
462 1067 532 1118 ὅτι
564 1066 781 1117 Γλαύκου
817 1071 900 1116 τοῦ
929 1067 1203 1131 Καρυστίου
1239 1067 1319 1115 καί
1339 1088 1477 1116 τινων
1504 1065 1630 1116 Πὲτέ-

118 1175 214 1218 ρων
262 1152 490 1218 πρότερον
541 1151 863 1216 γεγενημένων
915 1153 1136 1214 ἀθλητῶν
1181 1150 1519 1215 ἀσθενέστερος
1563 1149 1632 1213 ἧν,

119 1235 454 1303 ἀστεφάνωτος
498 1237 546 1286 ἐκ
599 1238 682 1298 τῆς
720 1235 994 1297 Ὀλυμπίας
1045 1232 1232 1301 οάπῄει,
1274 1236 1383 1284 ἀλλ’
1427 1234 1496 1284 ὅτι
1541 1238 1634 1283 τῶν

119 1318 463 1370 Ρεῖσελθόντων
502 1317 619 1384 πρὸς
662 1317 804 1368 αὑτὸν
845 1318 1020 1383 ἄριστα
1063 1316 1274 1384 ἐμάχετο,
1315 1319 1663 1385 ἐστεφανοῦτο5

121 1405 195 1454 καὶ
237 1407 374 1453 νικῶν
415 1401 735 1468 ἀνηγορεύετο.
790 1404 864 1452 καὶ
906 1400 970 1451 σὺ
1013 1400 1131 1467 πρὸς
1172 1400 1278 1454 τοὺς
1324 1407 1405 1451 νῦν
1451 1401 1537 1466 ὅρα
1578 1424 1634 1463 με

120 1486 332 1553 ῥήτορας,
371 1485 489 1551 πρὸς
523 1484 743 1547 (ἶσαυτὸν,
782 1485 900 1551 πρὸς
945 1484 1103 1534 ὅντινα
1145 1484 1309 1545 βούλει
1347 1489 1441 1534 τῶν
1478 1483 1631 1535 ἁπάν-

0 1630 2 1636 y
28 1591 107 1633 393
123 1588 229 1620 των·
271 1577 286 1596 r
303 1569 466 1619 οὐδένα
503 1569 767 1637 ἐξίσταμαι.
807 1566 884 1631 ὧν,
912 1568 988 1619 ὅτε
1019 1567 1104 1631 μὲν
1137 1572 1195 1635 τῇ
1232 1566 1369 1619 πόλει
1407 1567 1487 1618 5τοὶ
1512 1567 1630 1628 βέλ-

6 1681 10 1749 Ι
120 1676 260 1705 τιστα
303 1653 497 1704 ἑλέσθαι
541 1656 712 1718 παρῆν,
755 1653 1028 1721 ἐφαμίλλου
1069 1655 1152 1715 τῆς
1201 1656 1261 1704 εἷς
1309 1650 1395 1715 τὴν
1433 1653 1637 1717 πατρίδα

0 1761 10 1796 ,ι’
120 1738 294 1790 εὐνοίας
339 1738 387 1787 ἐν
425 1741 563 1805 κοινῷ
605 1741 728 1787 πᾶσι
775 1735 996 1799 κειμένης,
1038 1734 1130 1799 ἐγὼ
1173 1734 1436 1800 ἴκροῖτιστα
1480 1735 1636 1799 λέγων
1654 1762 1691 1782 ιο

0 1803 11 1890 ἰ
120 1819 388 1889 ἐφαινόμην,
436 1822 511 1870 καὶ
558 1825 651 1873 τοῖς
703 1821 828 1883 ε’μοῖς
877 1820 983 1868 ulca}
1026 1819 1317 1886 ψηφίσμασι
1359 1820 1433 1868 καὶ
1479 1817 1636 1881 νόμοις

0 1905 2 1945 Ι
122 1908 196 1956 καὶ
220 1904 490 1971 πρεσβείαις
530 1903 716 1955 ἅπαντα
754 1906 974 1972 διῳκεῖτο,
1002 1904 1130 1966 ὑμῶν
1164 1902 1212 1953 δὲ
1247 1903 1392 1955 οὐδεὶς
1430 1901 1525 1965 Χῆν
1561 1903 1637 1952 οὐ-

30 1991 284 2051 394δαμοῦ,
325 1986 454 2051 πλὴν
498 1992 536 2037 εἰ
581 1995 597 2023 y
614 1986 793 2040 τούτοις
837 1984 1094 2051 ἐπηρεάσαι
1138 2007 1183 2034 τι
1228 1984 1336 2034 δέοι·
1387 1983 1542 2047 ἐπειδὴ
1588 1983 1637 2033 δὲ

130 2068 148 2088 ὁ
245 2070 256 2085 Ι
352 2072 362 2086 ’
422 2069 442 2086 2!
713 2069 725 2085 Ι
902 2071 915 2087 X
995 2070 1005 2083 9
1053 2068 1066 2084 Ι
1335 2067 1345 2082 Ι
1521 2068 1531 2082 )
1618 2065 1630 2082 Χ
1675 2077 1685 2084 ι

123 2093 153 2121 α
193 2093 352 2135 μηποτ
406 2074 564 2138 ωφελε
606 2074 800 2133 συνεβη,
843 2092 917 2119 και
957 2091 1105 2118 ουκετι
1153 2073 1461 2131 συμβουλων,
1505 2072 1686 2117 αλλαῙΟ

122 2239 342 2304 πατρίδος
379 2241 656 2300 μισθαρνεῖν
692 2237 887 2299 ἑτοίμων
915 2238 989 2286 καὶ
1021 2240 1115 2286 τῶν
1142 2235 1410 2286 κολακεύειν
1446 2235 1637 2300 Ζἕτερον

123 2321 424 2385 βουλομένων
448 2321 661 2389 ἐξέτασις
699 2319 796 2384 ἃῆν,
823 2326 1075 2384 τηνικαῦτα
1101 2318 1165 2369 σὺ
1202 2321 1277 2370 καὶ
1313 2319 1491 2369 τούτων
1525 2319 1631 2369 ἕκα-

176 2471 190 2486 ²
208 2466 311 2513 τινες]
336 2468 536 2514 Legebatur
554 2482 642 2502 τινες
659 2467 738 2502 τοὺς
764 2469 919 2512 χρόνους.
967 2466 1083 2500 Verba
1102 2466 1181 2500 τοὺς
1199 2467 1345 2510 χρόνους
1364 2477 1433 2499 om.
1457 2466 1536 2499 S.Y.
1558 2472 1637 2511 post

9 2120 13 2145 Ι

9 2158 14 2211 ἰ
120 2158 214 2204 τῶν
239 2159 333 2208 τοῖς
371 2154 743 2217 ἐπιταττομένοις
783 2153 1136 2219 ὑπηρετούντων
1172 2154 1247 2202 καὶ
1280 2156 1374 2202 τῶν
1411 2150 1529 2201 κατὰ
1555 2153 1637 2214 τῆς

10 2225 13 2253 ι

13 2505 17 2601 ξ
124 2519 266 2555 ἐκείνους
284 2527 421 2566 ponunt
441 2521 627 2567 Q.k.p.r.s.
649 2526 685 2555 et
703 2532 825 2566 margo
844 2521 886 2554 A.
994 2516 1014 2544 b
1034 2517 1067 2552 οἳ
1085 2518 1261 2564 διέσυρον]
1293 2519 1325 2551 οἶ
1353 2517 1574 2563 διασύροντες
1594 2519 1635 2554 F.

126 2573 444 2619 S.Y.Q.O.p.t.u.v.
559 2579 572 2595 C
602 2575 663 2618 μὲν
691 2586 760 2608 om.
793 2573 1033 2618 F.S.O.p.u.v.
1145 2569 1164 2596 d
1184 2571 1344 2616 ἐπῄνουν]
1369 2571 1581 2606 ἐπαινοῦντες
1600 2584 1635 2617 p.

124 2631 140 2650 e
160 2627 211 2660 καὶ
230 2627 348 2673 ταύτὸ]
373 2628 515 2661 καταυτὸ
537 2627 581 2666 Q.
603 2633 638 2661 et
657 2641 713 2672 γρ.
736 2628 776 2661 F.
866 2624 880 2650 f
898 2626 926 2660 δ’
946 2638 1015 2660 om.
1035 2626 1070 2659 S.
1157 2630 1177 2658 g
1196 2627 1254 2658 νῦν
1273 2636 1342 2658 om.
1363 2637 1397 2670 p.
1486 2621 1506 2648 h
1527 2624 1632 2670 ἄλλο]

14 2689 17 2714 ἐ
122 2678 228 2714 ἄλλος
248 2679 292 2715 Ο.
404 2677 414 2704 i
434 2679 503 2714 κατ’
524 2681 626 2714 αὐτὸν
643 2680 724 2725 Q.p.
755 2680 838 2713 κατὰ
858 2680 986 2713 σαυτὸν
1005 2680 1150 2712 A.k.r.s.
1259 2674 1281 2701 k
1301 2677 1380 2712 τοὺς
1398 2678 1537 2721 ποιητὰς
1557 2684 1638 2723 post

14 2718 18 2772 ι
123 2733 246 2777 χοροὺς
263 2739 291 2767 t.
385 2730 397 2758 Ῑ
415 2733 555 2779 χοροὺς]
580 2735 723 2778 χρόνους
741 2745 769 2766 r.
852 2738 883 2757 m
903 2730 1102 2777 Φιλάμμων]
1127 2731 1288 2775 φιλάμων
1308 2730 1389 2764 O.u.
1474 2736 1493 2755 1¹
1517 2732 1638 2775 ἑτέρων

124 2797 194 2820 om.
215 2787 326 2820 A.k.s.
410 2792 428 2811 0
447 2785 562 2832 ἀπῄει]
587 2786 683 2829 ἀπείη
704 2799 731 2820 r.
822 2792 840 2818 P
861 2785 1086 2819 εἰσελθόντων
1106 2789 1186 2830 post
1206 2784 1308 2817 αὐτὸν
1326 2784 1362 2817 k.
1447 2789 1465 2816 (1
1487 2783 1632 2830 σαυτὸν]

124 2838 226 2872 αὐτὸν
243 2840 354 2874 A.k.s.
425 2845 440 2864 r
454 2840 574 2874 οὐδένα
596 2839 678 2874 S.Y.
705 2839 905 2884 Legebatur
921 2837 1041 2879 οὐδενὶ,
1062 2837 1157 2883 quod
1175 2837 1211 2870 in
1226 2851 1280 2882 γρ.
1295 2848 1315 2870 a
1328 2848 1373 2870 m.
1391 2849 1460 2872 sec.
1477 2837 1583 2871 habet
1600 2837 1636 2871 S.

126 2896 140 2915 ⁸
160 2892 202 2925 τὰ
219 2893 388 2933 βέλτιστα
407 2904 479 2929 om.
500 2894 537 2928 k.
649 2891 663 2917 ἵ
682 2891 863 2937 κράτιστα]
887 2892 929 2925 τὰ
946 2892 1116 2931 βέλτιστα
1136 2891 1277 2924 A.k.r.s.
1408 2895 1427 2914 u
1448 2891 1499 2924 καὶ
1520 2890 1638 2924 addidi

17 2930 20 2986 4
125 2955 168 2978 ex
189 2944 423 2980 S.Y.O.t.u.v.
536 2951 555 2970 ¹
575 2944 615 2988 ἦν
635 2957 704 2979 om.
726 2945 883 2990 F.Q.p.r.
978 2947 996 2976 Y
1017 2943 1168 2989 τούτοις]
1192 2943 1333 2978 τούτους
1353 2943 1398 2981 Q.
1485 2948 1501 2967 Ζ
1522 2943 1638 2988 ἕτερον

17 2991 19 3033 ι
127 2996 209 3033 S.Y.
240 2998 438 3044 Legebatur
456 3000 600 3044 ἑτέρους.
711 3003 729 3023 ³
749 2997 788 3041 ἧν
808 3010 878 3032 om.
903 2998 939 3032 S.
