1882 3250
248 193 304 235 90
769 192 1236 249 [ΔΗΜΟΣΘΕΝΟΎΣ]
1431 196 1637 237 On.V11.
1662 196 1818 252 p.83‚9

178 304 397 367 27t13m3v
429 305 654 370 λέγοντας
689 307 917 360 ἀπίστους
950 310 1263 370 καταστῆσαι.
1319 331 1394 358 και
1429 329 1500 358 οτι
1533 307 1617 371 μὲν
1648 307 1753 362 δους
1880 372 1882 386 Ι

243 387 328 451 τὴν
348 387 672 454 ἐπανόρθωσιν
698 395 779 439 νῦν
805 389 997 456 ἔξαρνός
1021 391 1150 439 ἐστιν
1170 389 1416 443 ἇπαντες”
1399 413 1515 441 ιστε.
1570 393 1692 459 φησι
1714 392 1751 442 δ
1771 417 1808 439 ιο

243 472 537 538 Ἀμφίπολιν
575 472 738 521 ἑαυτοῦ
776 470 900 522 εἶναι·
949 473 1065 534 ὑμᾶς
1102 471 1194 537 γὰρ
1230 473 1548 540 ψηφίσασθαι
1586 475 1756 524 ἐκείνου

244 553 371 616 εἶναι,
404 554 507 604 ὅτ’1
508 556 836 623 ιἐψηφίσασθε
876 555 995 622 ἐχειν
1026 554 1166 605 αὐτον
1199 555 1228 605 ἃ
1265 555 1398 623 εἶχεν.
1461 558 1583 620 ὑμεῖς
1619 556 1667 607 δὲ
1702 579 1756 607 το

243 638 327 701 μὲν
357 638 595 705 ψήφισμα
631 640 754 688 τοῦτ’
783 639 1189 739 ἐψηφίσασθε,οὐ
1223 661 1380 702 μεντοι
1410 640 1454 704 γ’
1483 640 1654 690 ἐκείνου
1688 637 1753 690 εἰ·
1869 581 1875 690 Ι

245 744 318 771 ναι
347 721 663 788 Ἀμφιπολιν·
705 721 807 771 ἐστι
839 721 932 787 γὰρ
963 721 1082 788 ἐχειν
1113 724 1189 771 καὶ
1223 721 1523 788 ’(τάλλότρια,
1560 724 1635 773 καὶ
1670 723 1757 790 οὐχ
1868 694 1873 790 1

244 804 479 856 ἅπαντες
470 807 537 853 οὶ
571 803 753 869 ἔχοντες
782 804 841 854 τὰ
866 806 1047 854 Ζαὺτῶν
1081 805 1282 871 ἔχουσιν,
1309 804 1441 855 ἀλλὰ
1470 807 1646 856 πολλοι
1681 828 1756 856 και
1771 831 1806 863 ¹5

245 885 540 951 ἃτοίλλότρια
578 886 832 950 κε’κτηνται·
880 886 1003 937 ὥστε
1041 887 1178 938 τοῦτό
1214 910 1267 952 γε
1303 887 1357 938 τὸ
1392 887 1550 956 σοφὸν
1584 887 1758 939 baffi-rofi
1865 914 1870 946 ς

179 981 229 1021 28
244 969 427 1034 ἠλίθιόν
471 971 617 1022 ἐστιν.
683 973 757 1020 καὶ
800 976 882 1020 τοῦ
925 969 1010 1033 μὲν
1051 969 1371 1036 Φιλοκράτους
1409 971 1758 1038 οψηφίσματος

244 1053 483 1116 μέμνηται,
515 1056 595 1116 τῆς
631 1055 668 1102 δ’
697 1055 966 1116 ἐπιστολῆς,
1005 1051 1062 1116 ἢν
1099 1051 1217 1119 πρὸς
1255 1051 1307 1079 ‘¹

1286 1058 1402 1117 υμᾶς
1439 1054 1712 1122 επεμψεν“
1688 1059 1756 1105 οτ’

246 1138 543 1204 Ἀμφίπολιν
577 1135 877 1203 ἐπολιόρκει,
904 1137 1227 1200 ἐπιλελησται,
1258 1139 1305 1188 ἐν
1338 1135 1368 1204 ῂ
1403 1136 1638 1202 ὡμολόγει
1672 1136 1757 1201 τὴν
1770 1165 1810 1187 20

244 1221 541 1289 Ἀμφίπολιν
577 1222 800 1287 ὑμετεραν
834 1219 962 1272 εἰναι·
1007 1222 1096 1290 ἐφη
1126 1221 1219 1288 γὰρ
1245 1221 1617 1288 ἐκπολιορκησας
1651 1224 1758 1286 ὑμῖν

179 1326 229 1365 29
245 1304 564 1355 ἀποδώσειν’
537 1328 598 1358 ως
625 1305 773 1355 οὖσαν
801 1306 1022 1371 ὑμετεραν
1056 1307 1131 1355 καὶ
1166 1306 1218 1356 οὑ
1253 1310 1346 1356 τῶν
1376 1305 1593 1372 ἐχόντων.
1646 1304 1753 1356 Ῑκόι-

245 1411 382 1438 κεινοι
408 1411 504 1451 μεν,
533 1390 594 1441 ὡς
620 1388 776 1450 ἑοικεν,
805 1392 846 1438 οἱ
880 1387 1109 1454 πρότερον
1135 1391 1183 1439 ἐν
1211 1387 1503 1457 Ἀμφιπόλει
1530 1393 1758 1443 οἰκοῦντες

245 1473 355 1538 πρὶν
383 1473 625 1523 Φίλιππον
650 1477 830 1534 λαβεῖν,
857 1471 942 1536 τὴν
967 1473 1231 1536 Ἀθηναίων
1256 1472 1415 1539 χώραν
1442 1470 1580 1539 εἶχον,
1605 1472 1759 1537 ἐπειδὴ

246 1554 294 1606 δὲ
321 1556 561 1609 Φίλιππος
582 1554 727 1619 αὐτὴν
747 1555 954 1621 εἴληφεν,
976 1556 1028 1605 οὐ
1050 1554 1134 1618 τὴν
1153 1556 1416 1619 Ἀθηναίων
1435 1555 1608 1623 χώραν,
1630 1555 1760 1607 ἀλλὰ
1772 1577 1810 1609 25

244 1639 330 1704 τὴν
374 1642 537 1691 ἑαυτοῦ
589 1641 693 1707 ἔχει,
741 1641 833 1690 οὐδ’
877 1638 1124 1691 ”Ολυνθόν
1167 1663 1234 1705 γε,
1280 1641 1374 1690 οὐδ’
1423 1641 1761 1691 Ἀπολλωνίαν

247 1722 350 1773 οὐδὲ
404 1722 670 1787 Παλλήνην
721 1725 1028 1790 ἕάλλοτρίας,
1081 1722 1210 1773 ἀλλὰ
1259 1723 1342 1777 τὰς
1393 1725 1556 1775 ἑαυτοῦ
1603 1724 1761 1791 χώρας

176 1832 233 1872 30
247 1807 476 1870 κε’κτηται.
547 1804 621 1872 ἆρ’
668 1808 773 1870 ὑμῖν
816 1810 943 1857 δοκεῖ
987 1806 1362 1874 πεφυλαγμένως
1407 1805 1593 1858 ἅπαντα
1641 1806 1760 1874 πρὸς

248 1891 364 1952 ὑμᾶς
414 1888 726 1951 ἐπιστέλλειν,
779 1889 905 1943 ὅπως
957 1889 1014 1940 ἂν
1065 1891 1285 1958 φαίνηται
1341 1893 1417 1941 καὶ
1474 1891 1630 1956 λέγων
1682 1893 1758 1942 καὶ

245 1972 466 2039 πράττων
510 1971 540 2023 ἃ
589 1972 718 2039 παρὰ
761 1978 911 2024 πᾶσιν
957 1974 1219 2040 ἀνθρώποις
1264 1976 1559 2040 ὁμολογεῖται
1605 1976 1758 2025 δίκαια
1771 1982 1826 2035 84

246 2055 372 2119 εἶναι,
407 2059 516 2107 ἀλλ’
545 2058 597 2107 οὐ
636 2057 829 2124 σφόδρα
867 2059 1339 2125 καταπεφρονηκέναι,
1380 2058 1429 2112 ὃς
1463 2058 1549 2123 τὴν
1585 2059 1759 2126 χώραν,

722 2142 735 2159 x

244 2138 303 2204 ἣν
329 2145 371 2190 οἱ
397 2139 636 2204 Έλληνες
663 2163 737 2190 και
768 2140 1029 2202 11βασιλεὺς
1056 2143 1080 2191 ὁ
1109 2145 1314 2207 Περσῶν
1345 2143 1650 2211 ἐψηφίσαντο
1685 2144 1760 2193 καὶ

247 2224 617 2288 ὡμολογήκασιν
656 2225 879 2290 ὑμετεραν
917 2224 1043 2287 εἶναι,
1083 2226 1256 2290 ταύτην
1295 2228 1445 2294 φησὶν
1482 2227 1647 2277 ἑαυτοῦ
1683 2228 1790 2282 καὶ5

247 2310 334 2375 οὐχ
362 2308 585 2374 ὑμετέραν
611 2307 754 2368 εἶναις
1840 2330 1846 2402 3

179 2412 227 2453 31
324 2392 441 2455 Περὶ
467 2390 514 2441 δὲ
539 2397 621 2441 τοῦ
648 2391 803 2490 ἑτέρου
828 2392 1232 2458 ἐπανορθώματος,
1253 2391 1278 2443 ὃ
1305 2394 1428 2455 ὑμεῖς
1454 2394 1502 2442 ἐν
1522 2395 1580 2458 τῇ
1605 2390 1760 2458 εἰρήνῃ
1839 2404 1844 2462 J

247 2474 635 2541 1ἐπανορθοῦσθε,
662 2498 769 2528 τους
803 2476 982 2529 ἄλλους
1018 2474 1037 2502 k
1047 2474 1370 2539 “''Esxsbyvag
1347 2499 1453 2526 οσοι
1491 2474 1556 2538 μὴ
1591 2497 1757 2526 κοινω-
1834 2466 1842 2687 ί

1829 2860 1833 2887 ι

1217 2621 1257 2639 σα

302 2652 316 2677 t
337 2653 444 2699 ὑμῶν]
470 2653 561 2696 ἡμῶν
581 2654 622 2687 Y.
736 2661 754 2679 ¹¹
778 2655 1006 2700 ἐψηφίσασθε
1029 2655 1064 2689 S.
1097 2654 1311 2700 ἐψηφίζεσθε
1332 2654 1372 2688 F.
1403 2655 1619 2700 ἐψηφίζεσθε
1638 2655 1757 2700 vulgo.

248 2712 267 2731 Χ
287 2706 488 2752 τάλλότρια]
512 2707 553 2740 τὰ
572 2707 738 2753 ἀλλότρια
760 2709 794 2742 S.
877 2715 895 2742 Y
914 2709 945 2742 οἶ
964 2721 1032 2743 om.
1054 2721 1110 2754 pr.
1129 2708 1174 2744 Ο.
1259 2714 1276 2732 Ζ
1297 2708 1406 2741 αὑτῶν
1428 2708 1462 2742 S.
1493 2709 1619 2742 ἑαυτῶν
1637 2709 1757 2754 vulgo.

249 2765 267 2784 a
286 2759 488 2805 τάλλότρια]
511 2760 677 2806 ἀλλότρια
699 2761 735 2796 S.
834 2759 854 2786 b
873 2762 992 2808 αὐτοῦ]
1017 2762 1126 2796 αὐτῶν
1149 2762 1183 2795 S.
1268 2767 1283 2786 C
1303 2761 1535 2805 ψηφίσματος
1554 2773 1622 2795 om.
1644 2773 1695 2806 pr.
1712 2761 1756 2795 Y.

248 2808 267 2836 (Ῑ
288 2812 389 2858 ὑμᾶς]
415 2813 499 2857 ἡμᾶς
521 2814 605 2847 S.Y.
715 2819 730 2838 θ
751 2814 959 2861 ἐπολιόρκει]
986 2816 1133 2859 ἐπιορκεῖ
1152 2827 1185 2849 u.
1296 2811 1311 2838 f
1327 2813 1487 2860 κάκεῖνοι]
1511 2815 1563 2848 καὶ
1583 2815 1701 2848 εκεῖνοι
1722 2814 1756 2848 S.

249 2870 269 2897 g
288 2865 471 2910 ἀλλοτρίας
490 2867 674 2902 Frankius.
721 2868 920 2913 Legebatur
939 2870 996 2902 οὐκ
1016 2867 1211 2913 ἀλλοτρίας.
1311 2864 1331 2892 h
1351 2867 1532 2913 Βασιλεὺς]
1556 2869 1574 2901 ὁ
1592 2867 1759 2908 βασιλεὺς

251 2917 365 2951 0.u.v.
388 2926 420 2952 et
442 2932 492 2965 pr.
511 2920 551 2953 Y.
641 2917 649 2944 i
670 2921 922 2967 ἐπανορθοῦσθε
945 2923 978 2956 S.
1022 2922 1221 2968 Legebatur
1241 2921 1546 2966 ἐπηνωρθώσασθε.
1635 2917 1655 2945 k
1671 2919 1755 2954 ’Έλ-

248 2973 350 3014 ληνας
370 2984 439 3007 om.
462 2985 512 3018 pr.
532 2973 574 3007 Ο.

1823 2997 1831 3145 ἕ

1821 3146 1827 3250 1
