1882 3250
239 158 323 197 132
778 158 1204 196 ΔΗΜΟΣΘΕΝΟΤΣ
1391 157 1580 197 0n.1X.
1603 172 1640 210 p.
1664 169 1756 210 123,
1776 173 1874 198 21-—

239 278 332 320 λιν·
373 271 494 320 οὕτω
527 271 564 319 δ’
593 270 796 336 ἀρχαίως
828 266 968 334 εἶχον,
1000 272 1190 331 μᾶλλον
1216 267 1306 318 ωδὲ
1335 272 1602 330 πολιτικῶς,
1629 267 1752 320 ὥστε

240 351 344 403 οὐδὲ
381 351 634 419 χρημάτων
674 354 894 402 ὠνεῖσθαι
937 355 1048 416 παρ’
1086 348 1269 403 οὐδενὸς
1310 348 1454 411 οὐδὲν,
1493 351 1603 400 ἀλλ’
1640 348 1754 401 εῖναι

174 448 228 487 60
242 435 437 498 νόμιμόν
461 458 565 486 τινα
591 437 666 485 καὶ
691 436 912 501 προφανῆ
938 432 1020 483 τὸν
1045 433 1267 495 πόλεμον.
1318 434 1415 482 νυνὶ
1442 432 1479 481 δ’
1510 433 1645 497 ὁρᾶτε
1669 432 1754 495 μὲν

240 517 422 582 “δήπου
458 518 517 568 τὰ
551 523 759 569 πλεῖστα
796 515 902 569 τοὺς
937 515 1171 582 προδότας
1210 514 1587 577 ἀπολωλεκότας,
1623 515 1754 567 οὐδὲν

240 603 279 652 δ’
319 604 369 652 ἐκ
412 601 718 669 παρατάξεως
756 600 895 651 Οούδὲ
939 600 1094 667 μάχης
1133 600 1424 666 γιγνόμενον·
1480 599 1665 650 ἀκούετε
1704 599 1752 652 δὲ
1766 623 1802 654 ²5

242 686 484 735 Φίλιππον
528 686 630 751 οὐχὶ
674 689 740 752 τῷ
783 682 1054 752 Ρφοῖλαγγα
1098 686 1308 735 ὁπλιτῶν
1352 683 1482 748 ἄγειν
1519 683 1751 749 βαδίζονθ’

242 767 347 818 ὅποι
390 768 628 829 βούλεται,
674 767 805 817 ἀλλὰ
848 771 915 836 τῷ
965 767 1153 834 ψιλοὺς,
1202 767 1381 828 ἱππέας,
1426 765 1639 834 τοξότας,
1681 767 1757 835 ξέ-

173 860 222 898 61
242 872 359 911 νους,
393 855 601 899 τοιοῦτον
636 850 955 918 (ὶέξηρτῆσθαι
993 849 1332 914 στρατόπεδον.
1382 848 1566 899 ἐπειδὰν
1591 850 1653 899 Υδ’
1681 851 1756 900 ἐπὶ

241 933 448 985 Ξτούτοις
482 932 599 997 πρὸς
637 939 894 986 νοσοῦντας
925 935 972 983 ἐν
997 933 1177 986 ‘adroic
1203 933 1459 999 προσπέσῃ
1489 935 1563 982 καὶ
1599 934 1756 996 μηδεὶς
1774 957 1852 997 124

240 1015 356 1081 ὑπὲρ
394 1019 477 1079 τῆς
519 1016 675 1082 χώρας
715 1018 769 1066 δι’
811 1016 1037 1067 ἀπιστίαν
1075 1016 1188 1084 ἐξίῃ,
1226 1015 1519 1083 μηχανήματ’
1556 1015 1751 1080 ἐπιστή-

239 1121 331 1152 σας
356 1104 640 1164 “πολιορκεῖ.
697 1101 772 1149 καὶ
807 1104 974 1150 σιωπῶ
1008 1100 1142 1166 θερος
1177 1102 1253 1150 καὶ
1288 1104 1506 1167 χειμῶνα,
1534 1102 1595 1152 ὡς
1627 1098 1758 1150 οὐδὲν

239 1183 494 1251 Χδιαφέρει,
542 1184 634 1234 οὐδ’
676 1184 806 1233 ἐστὶν
853 1183 1087 1252 ἐξαίρετος
1136 1182 1233 1250 ὥρα
1283 1207 1365 1246 τις,
1411 1182 1468 1247 ἢν
1513 1183 1752 1234 διαλείπει.

174 1278 225 1316 62
241 1274 387 1318 ταῦτα
430 1268 587 1330 μέντοι
630 1266 810 1320 πάντας
854 1266 1030 1321 εἰδότας
1073 1270 1179 1318 Ῡκαὶ
1223 1267 1548 1334 λογιζομένους
1592 1268 1646 1317 οὐ
1690 1270 1786 1324 δεῖ5

240 1351 538 1416 Ζπροσέσθαι
565 1349 647 1401 τὸν
671 1350 883 1413 πόλεμον
910 1354 972 1404 εἶς
998 1349 1084 1415 τὴν
1109 1351 1282 1418 χώραν,
1306 1352 1425 1401 8οὐδ’
1449 1354 1511 1404 εἷς
1535 1349 1621 1414 τὴν
1647 1348 1751 1414 εὐή-

241 1438 367 1484 θειαν
387 1433 474 1499 τὴν
493 1439 576 1485 τοῦ
601 1433 705 1485 τότε
731 1432 849 1500 πρὸς
874 1432 1296 1497 1)Λακεδαιμονίους
1321 1433 1532 1498 πολέμου
1554 1433 1758 1496 βλέπον-

239 1541 323 1571 τας
357 1520 802 1585 ἐκτραχηλισθῆναι,
835 1518 947 1567 ἀλλ’
975 1520 1037 1570 ὡς
1073 1519 1121 1567 ἐκ
1159 1519 1392 1568 πλείστου
1429 1515 1759 1586 φυλάττεσθαι

239 1608 336 1656 τοῖς
378 1602 632 1669 πράγμασι
675 1604 750 1652 καὶ
791 1606 892 1655 ταῖς
935 1607 1268 1667 παρασκευαῖς,
1307 1601 1433 1654 ὅπως
1471 1601 1650 1652 οἴκοθεν
1692 1601 1756 1666 μὴ
1774 1631 1813 1653 10

241 1686 512 1751 οκινήσεται
563 1691 875 1749 σκοποῦντας,
920 1686 1023 1753 οὐχὶ
1074 1685 1439 1749 συμπλακέντας
1491 1686 1755 1752 διαγωνίζε-

174 1783 225 1835 63
242 1775 373 1822 σθαι.
428 1770 546 1838 πρὸς
585 1769 670 1833 μὲν
706 1769 799 1836 γὰρ
836 1769 1047 1832 πόλεμον
1085 1762 1249 1821 πολλὰ
1288 1769 1433 1839 φύσει
1470 1769 1758 1834 πλεονεκτή-

239 1856 349 1919 μαθ’
387 1853 531 1919 (Ιὴμῖν
571 1853 782 1920 ὑπάρχει,
818 1854 876 1903 ἄν
912 1876 1015 1920 περ,
1052 1851 1088 1903 cf)
1128 1853 1289 1919 ἄνδρες
1324 1853 1579 1916 Ἀθηναῖοι,
1614 1859 1762 1904 ποιεῖν

523 1938 540 1956 Α

240 1940 475 2002 ἐθέλωμεν
516 1963 546 1989 α
590 1942 668 2001 δεῖ,
708 1939 736 2002 ἡ
777 1938 923 2006 φύσις
960 1941 1043 2001 τῆς
1084 1938 1257 1988 ἐκείνου
1301 1937 1470 2004 χώρας,
1510 1937 1592 2001 θῆς
1630 1937 1761 2003 ἄγειν

1880 1891 1882 1910 Ι

1879 1946 1882 1982 Ι

1879 2003 1882 2020 ff

241 2026 316 2074 καὶ
352 2024 509 2092 φέρειν
546 2023 676 2074 Ϊὲστι
713 2022 905 2086 πολλὴν
940 2024 1015 2073 καὶ
1051 2027 1203 2076 κακῶς
1235 2026 1396 2084 ποιεῖν,
1431 2022 1562 2073 ἄλλα
1597 2023 1755 2088 μυρία·
1776 2047 1811 2079 ¹5
1878 2039 1882 2075 ι’

242 2112 304 2162 εἷς
331 2107 378 2158 δὲ
406 2110 568 2174 ἀγῶνα
595 2109 784 2171 ἄμεινον
809 2108 942 2171 ἡμῶν
968 2108 1135 2160 ἐκεῖνος
1163 2105 1380 2170 ἤσκηται.
1878 2110 1882 2160 ζ

1877 2206 1879 2222 ἲ

175 2201 230 2251 64
317 2193 393 2243 Οὐ
413 2191 557 2256 μόνον
574 2192 621 2243 δὲ
643 2196 714 2243 δεῖ
733 2197 881 2243 ταῦτα
900 2191 1197 2257 γιγνώσκειν,
1215 2190 1317 2240 οὐδὲ
1337 2194 1433 2242 τοῖς
1455 2189 1607 2256 ἔργοις
1623 2192 1762 2241 ἕέκεΐ-

297 2360 327 2378 m
348 2354 383 2387 δὲ
404 2366 474 2387 om.
498 2366 550 2398 pr.
568 2354 611 2386 Y.
763 2358 782 2376 ¹¹
803 2352 928 2398 δήπου]
954 2353 994 2385 ἅν
1012 2366 1079 2386 που
1099 2351 1141 2386 Υ.
1294 2358 1312 2375 0
1332 2351 1426 2396 οὐδὲ]
1449 2350 1520 2385 οὐδ’
1542 2352 1577 2385 ἐκ
1596 2350 1760 2385 Y.O.u.v.

1376 2401 1382 2413 l

243 2427 263 2455 Ρ
283 2422 447 2467 φάλαγγα
469 2422 505 2455 S.
538 2423 719 2466 φάλαγγας
738 2421 857 2466 vulgo.
978 2426 997 2454 (1
1018 2420 1240 2466 ἐξηρτῆσθαι]
1266 2415 1471 2465 ἐξηρτῆσθαι
1490 2433 1524 2455 u.
1555 2419 1762 2466 ἐξηρτύσθαι

244 2475 332 2508 F.Y.
355 2480 389 2508 et
410 2481 586 2508 correctus
608 2474 652 2509 O.
685 2473 908 2520 ἐξαρτύεσθαι
927 2489 984 2519 γρ.
1009 2475 1045 2507 S.
1155 2479 1170 2497 Γ
1190 2472 1218 2506 δ’
1241 2474 1294 2507 ἐπὶ
1313 2473 1446 2508 τούτοις
1467 2474 1595 2517 (literis
1615 2475 1652 2507 πὶ
1673 2486 1692 2508 a
1711 2486 1759 2509 m.
1881 2477 1882 2516 1

243 2528 310 2561 alia
329 2528 365 2561 in
384 2540 504 2561 rasura
524 2528 680 2574 scriptis)
705 2527 740 2561 S.
773 2528 809 2561 δέ
830 2525 962 2562 τούτοις
980 2527 1098 2572 vulgo.
1209 2532 1223 2550 s
1244 2527 1394 2572 τούτοις]
1419 2526 1552 2563 τούτοις
1571 2531 1700 2572 κρατῶν
1718 2528 1760 2562 A.
1874 2532 1882 2563 4

243 2587 278 2615 et
297 2593 364 2614 ree.
389 2581 470 2615 S.Y.
583 2580 597 2605 t
617 2581 748 2626 αὑτοῖς]
773 2580 887 2615 αὑτοῖς
907 2581 959 2614 καὶ
978 2579 1245 2624 τεταραγμένους
1264 2581 1306 2614 A.
1331 2586 1365 2614 et
1384 2593 1453 2614 rec.
1478 2581 1515 2616 S.
1621 2586 1640 2605 Π
1661 2582 1760 2614 πολι-

244 2635 350 2679 ορκεῖ]
375 2636 540 2680 πολιορκῃ
562 2634 596 2667 S.
700 2639 717 2658 X
739 2633 911 2679 διαφέρει]
937 2634 1026 2680 αὐτῷ
1045 2632 1200 2678 διαφέρει
1219 2634 1260 2667 Α.
1283 2639 1317 2667 et
1337 2646 1458 2679 margo
1478 2633 1568 2668 Y.O.
1670 2639 1689 2667 Y
1708 2635 1761 2668 καὶ

243 2689 481 2733 λογιζομένους
502 2688 540 2720 οὐ
561 2688 612 2720 δεῖ
629 2688 712 2721 AS.
745 2687 796 2721 δεῖ
821 2687 873 2720 καὶ
897 2685 1137 2732 λογιζομένους
1160 2685 1204 2730 μή
1224 2687 1342 2732 vulgO.
1509 2693 1525 2711 Ζ
1547 2686 1756 2732 προσέσθαι]

243 2783 410 2827 προέσθαι
430 2784 636 2817 1⁴'.Y.O.u.v.
673 2783 930 2827 προσδέχεσθαι
950 2783 992 2816 Α.
1016 2789 1051 2816 et
1072 2794 1193 2828 margo
1215 2783 1258 2816 O.
1382 2789 1401 2808 a
1420 2782 1490 2816 οὐδ’
1510 2783 1595 2817 A.S.
1626 2750 1696 2817 <¹:378
1718 2783 1759 2817 F.

243 2835 318 2878 μηδ’
338 2837 454 2882 vulgo.
582 2833 602 2860 b
623 2836 681 2881 A.]
703 2837 780 2871 τοὺς
803 2842 841 2870 Λ.
862 2837 903 2870 A.
1037 2841 1053 2860 ὓ
1073 2835 1261 2881 κινήσεται]
1284 2835 1460 2880 κινήσηται
1481 2836 1639 2871 S.O.u.v.
1669 2835 1758 2880 κινῆ-

245 2899 345 2947 σῆται
366 2906 404 2939 F.
489 2903 508 2930 d
527 2906 621 2951 ἡμῖν]
645 2906 722 2948 ὑμῖν
743 2907 780 2940 S.
866 2911 882 2931 θ
902 2905 956 2952 ἧς]
980 2905 998 2949 ἣ
1019 2918 1070 2951 pr.
1090 2905 1126 2940 S.
1212 2901 1228 2930 f
1244 2906 1320 2939 ἔστι
1338 2905 1489 2952 πολλὴν]
1514 2920 1561 2942 εις
1579 2920 1640 2950 την
1658 2907 1761 2940 πόλιν

244 2970 296 3004 pr.
320 2958 354 2991 S.
467 2965 487 2991 g
507 2959 647 3005 ἐκεῖνον]
673 2959 778 2993 ἐκεῖνα
799 2959 842 2993 Ο.
