<?xml version="1.0" encoding="UTF-8"?>
<!DOCTYPE html PUBLIC "-//W3C//DTD XHTML 1.0 Transitional//EN"
    "http://www.w3.org/TR/xhtml1/DTD/xhtml1-transitional.dtd">
<html xmlns="http://www.w3.org/1999/xhtml" xml:lang="en" lang="en">
 <head>
  <title>
</title>
<meta http-equiv="Content-Type" content="text/html;charset=utf-8" />
  <meta name='ocr-system' content='tesseract 3.04.00' />
  <meta name='ocr-capabilities' content='ocr_page ocr_carea ocr_par ocr_line ocrx_word'/>
</head>
<body>
  <div class='ocr_page' id='page_1' title='image "./operaexrecension01demouoft_0011.png"; bbox 0 0 1882 3250; ppageno 0'>
   <div class='ocr_carea' id='block_1_1' title="bbox 670 174 1594 218">
    <p class='ocr_par' dir='ltr' id='par_1_1' title="bbox 670 174 1594 218">
     <span class='ocr_line' id='line_1_1' title="bbox 670 174 1594 218; baseline -0.005 0"><span class='ocrx_word' id='word_1_1' title='bbox 670 178 1011 218; x_wconf 84' lang='lat' dir='ltr'><strong>PRAEFATIO</strong></span> <span class='ocrx_word' id='word_1_2' title='bbox 1539 174 1594 213; x_wconf 87' lang='lat' dir='ltr'>vii</span> 
     </span>
    </p>
   </div>
   <div class='ocr_carea' id='block_1_2' title="bbox 87 286 1617 2943">
    <p class='ocr_par' dir='ltr' id='par_1_2' title="bbox 87 286 1617 2943">
     <span class='ocr_line' id='line_1_2' title="bbox 87 286 1595 355; baseline -0.005 -16"><span class='ocrx_word' id='word_1_3' title='bbox 87 292 371 355; x_wconf 82' lang='lat' dir='ltr'>intelligitur</span> <span class='ocrx_word' id='word_1_4' title='bbox 392 308 537 353; x_wconf 92' lang='lat' dir='ltr'>quam</span> <span class='ocrx_word' id='word_1_5' title='bbox 563 308 733 337; x_wconf 90' lang='lat' dir='ltr'>manus</span> <span class='ocrx_word' id='word_1_6' title='bbox 759 290 905 336; x_wconf 89' lang='lat' dir='ltr'>seculi</span> <span class='ocrx_word' id='word_1_7' title='bbox 932 288 1052 335; x_wconf 83' lang='lat' dir='ltr'>sexti</span> <span class='ocrx_word' id='word_1_8' title='bbox 1072 288 1247 334; x_wconf 84' lang='lat' dir='ltr'>decimi</span> <span class='ocrx_word' id='word_1_9' title='bbox 1272 287 1386 333; x_wconf 93' lang='lat' dir='ltr'>folio</span> <span class='ocrx_word' id='word_1_10' title='bbox 1407 286 1595 342; x_wconf 92' lang='lat' dir='ltr'>ultimo,</span> 
     </span>
     <span class='ocr_line' id='line_1_3' title="bbox 88 361 1598 431; baseline -0.005 -17"><span class='ocrx_word' id='word_1_11' title='bbox 88 368 216 431; x_wconf 90' lang='lat' dir='ltr'>quod</span> <span class='ocrx_word' id='word_1_12' title='bbox 241 377 312 414; x_wconf 88' lang='lat' dir='ltr'>est</span> <span class='ocrx_word' id='word_1_13' title='bbox 337 367 659 423; x_wconf 81' lang='lat' dir='ltr'>chartaceum,</span> <span class='ocrx_word' id='word_1_14' title='bbox 684 366 941 429; x_wconf 83' lang='lat' dir='ltr'>inscripsit,</span> <span class='ocrx_word' id='word_1_15' title='bbox 963 367 1145 422; x_wconf 81' lang='grc' dir='ltr'>βιβλίον</span> <span class='ocrx_word' id='word_1_16' title='bbox 1168 369 1295 417; x_wconf 76' lang='grc' dir='ltr'>μονῆς</span> <span class='ocrx_word' id='word_1_17' title='bbox 1322 367 1407 409; x_wconf 80' lang='grc' dir='ltr'>τῶν</span> <span class='ocrx_word' id='word_1_18' title='bbox 1431 361 1598 408; x_wconf 84' lang='grc' dir='ltr'>σωσάν-</span> 
     </span>
     <span class='ocr_line' id='line_1_4' title="bbox 87 438 1596 507; baseline -0.006 -17"><span class='ocrx_word' id='word_1_19' title='bbox 87 446 194 507; x_wconf 72' lang='grc' dir='ltr'>δρων</span> <span class='ocrx_word' id='word_1_20' title='bbox 217 446 318 507; x_wconf 77' lang='grc' dir='ltr'>ἕχον</span> <span class='ocrx_word' id='word_1_21' title='bbox 338 445 490 507; x_wconf 78' lang='grc' dir='ltr'>φύλλα</span> <span class='ocrx_word' id='word_1_22' title='bbox 514 443 778 489; x_wconf 82' lang='grc' dir='ltr'>πεντακόσια</span> <span class='ocrx_word' id='word_1_23' title='bbox 803 442 898 487; x_wconf 71' lang='grc' dir='ltr'><em>δέκα</em></span> <span class='ocrx_word' id='word_1_24' title='bbox 922 439 1129 499; x_wconf 71' lang='grc' dir='ltr'>τετράδια</span> <span class='ocrx_word' id='word_1_25' title='bbox 1153 438 1358 499; x_wconf 74' lang='grc' dir='ltr'>ἑξήκοντα</span> <span class='ocrx_word' id='word_1_26' title='bbox 1382 438 1596 499; x_wconf 80' lang='grc' dir='ltr'><strong>τέσσαρα.</strong></span> 
     </span>
     <span class='ocr_line' id='line_1_5' title="bbox 89 511 1597 582; baseline -0.006 -16"><span class='ocrx_word' id='word_1_27' title='bbox 89 522 146 567; x_wconf 92' lang='lat' dir='ltr'>In</span> <span class='ocrx_word' id='word_1_28' title='bbox 174 519 387 582; x_wconf 82' lang='lat' dir='ltr'>margine</span> <span class='ocrx_word' id='word_1_29' title='bbox 419 519 594 582; x_wconf 84' lang='lat' dir='ltr'>scripta</span> <span class='ocrx_word' id='word_1_30' title='bbox 619 526 730 564; x_wconf 89' lang='lat' dir='ltr'>sunt</span> <span class='ocrx_word' id='word_1_31' title='bbox 754 516 935 563; x_wconf 90' lang='lat' dir='ltr'>scholia</span> <span class='ocrx_word' id='word_1_32' title='bbox 959 524 1006 561; x_wconf 92' lang='lat' dir='ltr'>et</span> <span class='ocrx_word' id='word_1_33' title='bbox 1032 515 1237 577; x_wconf 77' lang='lat' dir='ltr'>analysis</span> <span class='ocrx_word' id='word_1_34' title='bbox 1262 514 1514 568; x_wconf 84' lang='lat' dir='ltr'>rhetorica,</span> <span class='ocrx_word' id='word_1_35' title='bbox 1539 511 1597 557; x_wconf 92' lang='lat' dir='ltr'>de</span> 
     </span>
     <span class='ocr_line' id='line_1_6' title="bbox 90 590 1596 658; baseline -0.007 -15"><span class='ocrx_word' id='word_1_36' title='bbox 90 597 262 658; x_wconf 90' lang='lat' dir='ltr'>quibus</span> <span class='ocrx_word' id='word_1_37' title='bbox 297 596 407 642; x_wconf 90' lang='lat' dir='ltr'>alibi</span> <span class='ocrx_word' id='word_1_38' title='bbox 433 595 661 641; x_wconf 82' lang='lat' dir='ltr'>dicemus.</span> <span class='ocrx_word' id='word_1_39' title='bbox 731 595 902 640; x_wconf 78' lang='lat' dir='ltr'>Insunt</span> <span class='ocrx_word' id='word_1_40' title='bbox 927 591 1162 638; x_wconf 84' lang='lat' dir='ltr'>orationes</span> <span class='ocrx_word' id='word_1_41' title='bbox 1199 590 1458 652; x_wconf 81' lang='lat' dir='ltr'>sexaginta,</span> <span class='ocrx_word' id='word_1_42' title='bbox 1484 590 1596 634; x_wconf 90' lang='lat' dir='ltr'>Pro-</span> 
     </span>
     <span class='ocr_line' id='line_1_7' title="bbox 91 661 1598 731; baseline -0.005 -17"><span class='ocrx_word' id='word_1_43' title='bbox 91 669 236 714; x_wconf 88' lang='lat' dir='ltr'>oemia</span> <span class='ocrx_word' id='word_1_44' title='bbox 269 676 315 714; x_wconf 88' lang='lat' dir='ltr'>et</span> <span class='ocrx_word' id='word_1_45' title='bbox 342 668 570 731; x_wconf 85' lang='lat' dir='ltr'>Epistolae</span> <span class='ocrx_word' id='word_1_46' title='bbox 603 668 816 730; x_wconf 87' lang='lat' dir='ltr'>quinque</span> <span class='ocrx_word' id='word_1_47' title='bbox 849 666 1043 729; x_wconf 83' lang='lat' dir='ltr'>primae:</span> <span class='ocrx_word' id='word_1_48' title='bbox 1084 664 1216 710; x_wconf 87' lang='lat' dir='ltr'>deest</span> <span class='ocrx_word' id='word_1_49' title='bbox 1248 681 1351 726; x_wconf 81' lang='lat' dir='ltr'>quae</span> <span class='ocrx_word' id='word_1_50' title='bbox 1384 663 1432 708; x_wconf 94' lang='lat' dir='ltr'>in</span> <span class='ocrx_word' id='word_1_51' title='bbox 1466 661 1598 708; x_wconf 84' lang='lat' dir='ltr'>libris</span> 
     </span>
     <span class='ocr_line' id='line_1_8' title="bbox 90 737 1601 807; baseline -0.005 -17"><span class='ocrx_word' id='word_1_52' title='bbox 90 744 293 807; x_wconf 89' lang='lat' dir='ltr'>vulgatis</span> <span class='ocrx_word' id='word_1_53' title='bbox 318 752 427 807; x_wconf 90' lang='lat' dir='ltr'>post</span> <span class='ocrx_word' id='word_1_54' title='bbox 451 744 713 789; x_wconf 87' lang='lat' dir='ltr'>orationem</span> <span class='ocrx_word' id='word_1_55' title='bbox 740 742 1044 788; x_wconf 85' lang='lat' dir='ltr'>undecimam</span> <span class='ocrx_word' id='word_1_56' title='bbox 1072 740 1245 803; x_wconf 89' lang='lat' dir='ltr'>legitur</span> <span class='ocrx_word' id='word_1_57' title='bbox 1268 739 1468 802; x_wconf 87' lang='lat' dir='ltr'>epistola</span> <span class='ocrx_word' id='word_1_58' title='bbox 1488 737 1601 783; x_wconf 84' lang='lat' dir='ltr'>Phi-</span> 
     </span>
     <span class='ocr_line' id='line_1_9' title="bbox 91 816 1602 883; baseline -0.005 -17"><span class='ocrx_word' id='word_1_59' title='bbox 91 820 208 883; x_wconf 88' lang='lat' dir='ltr'>lippi</span> <span class='ocrx_word' id='word_1_60' title='bbox 236 820 573 865; x_wconf 84' lang='lat' dir='ltr'>commenticia</span> <span class='ocrx_word' id='word_1_61' title='bbox 597 830 645 865; x_wconf 92' lang='lat' dir='ltr'>et</span> <span class='ocrx_word' id='word_1_62' title='bbox 668 819 892 864; x_wconf 88' lang='lat' dir='ltr'>orationis</span> <span class='ocrx_word' id='word_1_63' title='bbox 919 817 1117 863; x_wconf 86' lang='lat' dir='ltr'>decimae</span> <span class='ocrx_word' id='word_1_64' title='bbox 1143 816 1373 879; x_wconf 87' lang='lat' dir='ltr'>septimae‚</span> <span class='ocrx_word' id='word_1_65' title='bbox 1398 832 1504 876; x_wconf 85' lang='lat' dir='ltr'>quae</span> <span class='ocrx_word' id='word_1_66' title='bbox 1529 822 1602 860; x_wconf 93' lang='lat' dir='ltr'>to-</span> 
     </span>
     <span class='ocr_line' id='line_1_10' title="bbox 91 895 1600 958; baseline -0.005 -16"><span class='ocrx_word' id='word_1_67' title='bbox 91 897 183 942; x_wconf 90' lang='lat' dir='ltr'>tius</span> <span class='ocrx_word' id='word_1_68' title='bbox 221 895 397 942; x_wconf 90' lang='lat' dir='ltr'>codicis</span> <span class='ocrx_word' id='word_1_69' title='bbox 434 896 603 941; x_wconf 89' lang='lat' dir='ltr'>ultima</span> <span class='ocrx_word' id='word_1_70' title='bbox 628 904 711 948; x_wconf 88' lang='lat' dir='ltr'>est,</span> <span class='ocrx_word' id='word_1_71' title='bbox 736 912 843 958; x_wconf 89' lang='lat' dir='ltr'>pars</span> <span class='ocrx_word' id='word_1_72' title='bbox 873 902 1088 939; x_wconf 83' lang='lat' dir='ltr'>extrema</span> <span class='ocrx_word' id='word_1_73' title='bbox 1109 896 1174 955; x_wconf 92' lang='lat' dir='ltr'>(p.</span> <span class='ocrx_word' id='word_1_74' title='bbox 1204 907 1313 950; x_wconf 87' lang='grc'><strong>214,</strong></span> <span class='ocrx_word' id='word_1_75' title='bbox 1348 907 1600 946; x_wconf 78' lang='grc' dir='ltr'><strong>12.-22ο,</strong></span> 
     </span>
     <span class='ocr_line' id='line_1_11' title="bbox 100 966 1601 1035; baseline -0.005 -16"><span class='ocrx_word' id='word_1_76' title='bbox 100 975 204 1028; x_wconf 88' lang='grc'><strong>16.),</strong></span> <span class='ocrx_word' id='word_1_77' title='bbox 235 973 311 1018; x_wconf 88' lang='lat' dir='ltr'>eui</span> <span class='ocrx_word' id='word_1_78' title='bbox 341 971 618 1035; x_wconf 72' lang='lat' dir='ltr'>supplendae</span> <span class='ocrx_word' id='word_1_79' title='bbox 647 971 822 1034; x_wconf 81' lang='lat' dir='ltr'>pagina</span> <span class='ocrx_word' id='word_1_80' title='bbox 852 988 1001 1016; x_wconf 87' lang='lat' dir='ltr'>vacua</span> <span class='ocrx_word' id='word_1_81' title='bbox 1031 978 1259 1032; x_wconf 82' lang='lat' dir='ltr'>superest.</span> <span class='ocrx_word' id='word_1_82' title='bbox 1331 966 1601 1020; x_wconf 85' lang='lat' dir='ltr'>Orationes,</span> 
     </span>
     <span class='ocr_line' id='line_1_12' title="bbox 93 1042 1602 1110; baseline -0.005 -16"><span class='ocrx_word' id='word_1_83' title='bbox 93 1049 353 1110; x_wconf 86' lang='lat' dir='ltr'>interjectis</span> <span class='ocrx_word' id='word_1_84' title='bbox 384 1048 638 1094; x_wconf 88' lang='lat' dir='ltr'>Prooemiis</span> <span class='ocrx_word' id='word_1_85' title='bbox 671 1047 1011 1110; x_wconf 80' lang='lat' dir='ltr'>Epistolisque,</span> <span class='ocrx_word' id='word_1_86' title='bbox 1038 1045 1131 1091; x_wconf 91' lang='lat' dir='ltr'>hoc</span> <span class='ocrx_word' id='word_1_87' title='bbox 1157 1043 1320 1090; x_wconf 89' lang='lat' dir='ltr'>ordine</span> <span class='ocrx_word' id='word_1_88' title='bbox 1348 1060 1448 1088; x_wconf 84' lang='lat' dir='ltr'>sese</span> <span class='ocrx_word' id='word_1_89' title='bbox 1474 1042 1602 1088; x_wconf 85' lang='lat' dir='ltr'>exci-</span> 
     </span>
     <span class='ocr_line' id='line_1_13' title="bbox 94 1120 1603 1188; baseline -0.004 -18"><span class='ocrx_word' id='word_1_90' title='bbox 94 1125 249 1188; x_wconf 88' lang='lat' dir='ltr'>piunt,</span> <span class='ocrx_word' id='word_1_91' title='bbox 282 1140 418 1183; x_wconf 88' lang='lat'>1—4.</span> <span class='ocrx_word' id='word_1_92' title='bbox 449 1126 490 1170; x_wconf 89' lang='lat'>8.</span> <span class='ocrx_word' id='word_1_93' title='bbox 518 1140 559 1185; x_wconf 91' lang='lat'>7.</span> <span class='ocrx_word' id='word_1_94' title='bbox 587 1139 630 1184; x_wconf 83' lang='lat'>5.</span> <span class='ocrx_word' id='word_1_95' title='bbox 658 1125 700 1168; x_wconf 90' lang='lat'>6.</span> <span class='ocrx_word' id='word_1_96' title='bbox 728 1141 772 1185; x_wconf 88' lang='lat'>9.</span> <span class='ocrx_word' id='word_1_97' title='bbox 807 1140 876 1169; x_wconf 93' lang='lat'>10.</span> <span class='ocrx_word' id='word_1_98' title='bbox 910 1139 981 1167; x_wconf 89' lang='lat'>11.</span> <span class='ocrx_word' id='word_1_99' title='bbox 1010 1139 1085 1167; x_wconf 92' lang='grc'>22.</span> <span class='ocrx_word' id='word_1_100' title='bbox 1115 1137 1190 1179; x_wconf 94' lang='grc'>24.</span> <span class='ocrx_word' id='word_1_101' title='bbox 1220 1138 1294 1182; x_wconf 94' lang='grc'>23.</span> <span class='ocrx_word' id='word_1_102' title='bbox 1322 1137 1396 1166; x_wconf 85' lang='grc' dir='ltr'>2ο.</span> <span class='ocrx_word' id='word_1_103' title='bbox 1425 1136 1499 1164; x_wconf 94' lang='grc'>21.</span> <span class='ocrx_word' id='word_1_104' title='bbox 1532 1120 1603 1165; x_wconf 88' lang='lat'>18.</span> 
     </span>
     <span class='ocr_line' id='line_1_14' title="bbox 100 1193 1602 1262; baseline -0.005 -17"><span class='ocrx_word' id='word_1_105' title='bbox 100 1218 170 1262; x_wconf 90' lang='lat'>19.</span> <span class='ocrx_word' id='word_1_106' title='bbox 196 1214 270 1261; x_wconf 83' lang='lat'>25.</span> <span class='ocrx_word' id='word_1_107' title='bbox 300 1202 374 1245; x_wconf 90' lang='grc'>26.</span> <span class='ocrx_word' id='word_1_108' title='bbox 409 1213 484 1261; x_wconf 92' lang='grc'>59.</span> <span class='ocrx_word' id='word_1_109' title='bbox 523 1201 600 1260; x_wconf 90' lang='grc'>36.</span> <span class='ocrx_word' id='word_1_110' title='bbox 625 1211 703 1258; x_wconf 92' lang='grc'>45.</span> <span class='ocrx_word' id='word_1_111' title='bbox 729 1199 808 1255; x_wconf 89' lang='grc'>46.</span> <span class='ocrx_word' id='word_1_112' title='bbox 835 1211 911 1258; x_wconf 92' lang='grc'>37.</span> <span class='ocrx_word' id='word_1_113' title='bbox 951 1198 1026 1257; x_wconf 95' lang='grc'>38.</span> <span class='ocrx_word' id='word_1_114' title='bbox 1064 1208 1289 1257; x_wconf 85' lang='grc'><strong>32.-35.</strong></span> <span class='ocrx_word' id='word_1_115' title='bbox 1345 1193 1602 1239; x_wconf 81' lang='lat' dir='ltr'>Prooemia.</span> 
     </span>
     <span class='ocr_line' id='line_1_15' title="bbox 94 1272 1604 1340; baseline -0.005 -17"><span class='ocrx_word' id='word_1_116' title='bbox 94 1277 321 1340; x_wconf 84' lang='lat' dir='ltr'>Epistolae</span> <span class='ocrx_word' id='word_1_117' title='bbox 345 1276 559 1338; x_wconf 89' lang='lat' dir='ltr'>quinque</span> <span class='ocrx_word' id='word_1_118' title='bbox 586 1278 650 1334; x_wconf 87' lang='lat'>(1.</span> <span class='ocrx_word' id='word_1_119' title='bbox 675 1290 721 1332; x_wconf 90' lang='grc'>4.</span> <span class='ocrx_word' id='word_1_120' title='bbox 750 1291 792 1319; x_wconf 93' lang='grc'><strong>2.</strong></span> <span class='ocrx_word' id='word_1_121' title='bbox 820 1287 863 1334; x_wconf 95' lang='grc'>5.</span> <span class='ocrx_word' id='word_1_122' title='bbox 886 1276 949 1335; x_wconf 89' lang='grc'><strong>3.)</strong></span> <span class='ocrx_word' id='word_1_123' title='bbox 979 1287 1186 1335; x_wconf 85' lang='grc'><strong>27-31,</strong></span> <span class='ocrx_word' id='word_1_124' title='bbox 1214 1287 1290 1332; x_wconf 90' lang='grc'>54.</span> <span class='ocrx_word' id='word_1_125' title='bbox 1318 1273 1395 1331; x_wconf 91' lang='grc'>56.</span> <span class='ocrx_word' id='word_1_126' title='bbox 1421 1272 1498 1328; x_wconf 94' lang='grc'>48.</span> <span class='ocrx_word' id='word_1_127' title='bbox 1526 1284 1604 1332; x_wconf 90' lang='grc'>47.</span> 
     </span>
     <span class='ocr_line' id='line_1_16' title="bbox 96 1349 1605 1415; baseline -0.005 -15"><span class='ocrx_word' id='word_1_128' title='bbox 96 1367 170 1415; x_wconf 90' lang='grc'>55.</span> <span class='ocrx_word' id='word_1_129' title='bbox 197 1366 273 1414; x_wconf 82' lang='grc' dir='ltr'>5ο.</span> <span class='ocrx_word' id='word_1_130' title='bbox 301 1367 377 1414; x_wconf 91' lang='grc'>51.</span> <span class='ocrx_word' id='word_1_131' title='bbox 412 1368 488 1414; x_wconf 91' lang='grc'>53.</span> <span class='ocrx_word' id='word_1_132' title='bbox 514 1367 592 1414; x_wconf 93' lang='grc'>49.</span> <span class='ocrx_word' id='word_1_133' title='bbox 630 1364 706 1412; x_wconf 93' lang='grc'>52.</span> <span class='ocrx_word' id='word_1_134' title='bbox 745 1365 956 1413; x_wconf 85' lang='grc'><strong>39-44.</strong></span> <span class='ocrx_word' id='word_1_135' title='bbox 1000 1363 1074 1411; x_wconf 92' lang='grc'>57.</span> <span class='ocrx_word' id='word_1_136' title='bbox 1114 1351 1189 1409; x_wconf 93' lang='grc'>58.</span> <span class='ocrx_word' id='word_1_137' title='bbox 1218 1350 1294 1394; x_wconf 87' lang='grc'>61.</span> <span class='ocrx_word' id='word_1_138' title='bbox 1322 1349 1501 1408; x_wconf 84' lang='grc'><strong>60.13.</strong></span> <span class='ocrx_word' id='word_1_139' title='bbox 1535 1363 1605 1405; x_wconf 90' lang='grc'>14.</span> 
     </span>
     <span class='ocr_line' id='line_1_17' title="bbox 102 1423 1607 1490; baseline -0.005 -15"><span class='ocrx_word' id='word_1_140' title='bbox 102 1432 171 1475; x_wconf 87' lang='grc'>16.</span> <span class='ocrx_word' id='word_1_141' title='bbox 205 1442 274 1490; x_wconf 86' lang='grc'>15.</span> <span class='ocrx_word' id='word_1_142' title='bbox 308 1443 378 1490; x_wconf 95' lang='grc'>17.</span> <span class='ocrx_word' id='word_1_143' title='bbox 446 1428 746 1489; x_wconf 79' lang='lat' dir='ltr'>Argumenta</span> <span class='ocrx_word' id='word_1_144' title='bbox 773 1426 1068 1471; x_wconf 89' lang='lat' dir='ltr'>orationibus</span> <span class='ocrx_word' id='word_1_145' title='bbox 1103 1442 1199 1470; x_wconf 94' lang='lat' dir='ltr'>non</span> <span class='ocrx_word' id='word_1_146' title='bbox 1232 1433 1341 1469; x_wconf 86' lang='lat' dir='ltr'>sunt</span> <span class='ocrx_word' id='word_1_147' title='bbox 1369 1423 1607 1487; x_wconf 85' lang='lat' dir='ltr'>adscripta</span> 
     </span>
     <span class='ocr_line' id='line_1_18' title="bbox 96 1499 1608 1567; baseline -0.005 -17"><span class='ocrx_word' id='word_1_148' title='bbox 96 1505 182 1551; x_wconf 91' lang='lat' dir='ltr'>nisi</span> <span class='ocrx_word' id='word_1_149' title='bbox 210 1504 394 1550; x_wconf 89' lang='lat' dir='ltr'>duabus</span> <span class='ocrx_word' id='word_1_150' title='bbox 419 1513 465 1549; x_wconf 88' lang='lat' dir='ltr'>et</span> <span class='ocrx_word' id='word_1_151' title='bbox 489 1504 659 1567; x_wconf 88' lang='lat' dir='ltr'>viginti</span> <span class='ocrx_word' id='word_1_152' title='bbox 687 1506 750 1562; x_wconf 88' lang='grc'>(4.</span> <span class='ocrx_word' id='word_1_153' title='bbox 777 1518 985 1565; x_wconf 89' lang='grc'><strong>37-51,</strong></span> <span class='ocrx_word' id='word_1_154' title='bbox 1013 1504 1261 1564; x_wconf 72' lang='grc'><strong>53-58.),</strong></span> <span class='ocrx_word' id='word_1_155' title='bbox 1282 1517 1484 1562; x_wconf 90' lang='lat' dir='ltr'>quorum</span> <span class='ocrx_word' id='word_1_156' title='bbox 1512 1499 1608 1562; x_wconf 89' lang='lat' dir='ltr'>pri-</span> 
     </span>
     <span class='ocr_line' id='line_1_19' title="bbox 96 1575 1608 1635; baseline -0.005 -8"><span class='ocrx_word' id='word_1_157' title='bbox 96 1599 230 1627; x_wconf 86' lang='lat' dir='ltr'>mum</span> <span class='ocrx_word' id='word_1_158' title='bbox 270 1580 430 1626; x_wconf 90' lang='lat' dir='ltr'>manui</span> <span class='ocrx_word' id='word_1_159' title='bbox 464 1580 664 1625; x_wconf 86' lang='lat' dir='ltr'>debetur</span> <span class='ocrx_word' id='word_1_160' title='bbox 700 1579 862 1635; x_wconf 86' lang='lat' dir='ltr'>seculi,</span> <span class='ocrx_word' id='word_1_161' title='bbox 889 1588 942 1624; x_wconf 90' lang='lat' dir='ltr'>ut</span> <span class='ocrx_word' id='word_1_162' title='bbox 971 1578 1173 1633; x_wconf 90' lang='lat' dir='ltr'>videtur,</span> <span class='ocrx_word' id='word_1_163' title='bbox 1208 1576 1468 1632; x_wconf 81' lang='lat' dir='ltr'>undecimi,</span> <span class='ocrx_word' id='word_1_164' title='bbox 1502 1575 1608 1620; x_wconf 88' lang='lat' dir='ltr'>reli-</span> 
     </span>
     <span class='ocr_line' id='line_1_20' title="bbox 96 1652 1608 1720; baseline -0.005 -17"><span class='ocrx_word' id='word_1_165' title='bbox 96 1676 191 1720; x_wconf 84' lang='lat' dir='ltr'>qua</span> <span class='ocrx_word' id='word_1_166' title='bbox 223 1658 281 1703; x_wconf 89' lang='lat' dir='ltr'>ab</span> <span class='ocrx_word' id='word_1_167' title='bbox 307 1657 508 1702; x_wconf 88' lang='lat' dir='ltr'>librariis</span> <span class='ocrx_word' id='word_1_168' title='bbox 545 1656 694 1702; x_wconf 84' lang='lat' dir='ltr'>aetatis</span> <span class='ocrx_word' id='word_1_169' title='bbox 732 1656 977 1717; x_wconf 87' lang='lat' dir='ltr'>aliquanto</span> <span class='ocrx_word' id='word_1_170' title='bbox 1002 1653 1235 1700; x_wconf 85' lang='lat' dir='ltr'>inferioris</span> <span class='ocrx_word' id='word_1_171' title='bbox 1273 1652 1457 1714; x_wconf 80' lang='lat' dir='ltr'>adjecta</span> <span class='ocrx_word' id='word_1_172' title='bbox 1483 1658 1608 1696; x_wconf 89' lang='lat' dir='ltr'>sunt.</span> 
     </span>
     <span class='ocr_line' id='line_1_21' title="bbox 97 1728 1608 1794; baseline -0.005 -15"><span class='ocrx_word' id='word_1_173' title='bbox 97 1733 425 1789; x_wconf 87' lang='lat' dir='ltr'>Orationibus,</span> <span class='ocrx_word' id='word_1_174' title='bbox 451 1733 705 1778; x_wconf 78' lang='lat' dir='ltr'>Prooemiis</span> <span class='ocrx_word' id='word_1_175' title='bbox 731 1743 778 1778; x_wconf 87' lang='lat' dir='ltr'>et</span> <span class='ocrx_word' id='word_1_176' title='bbox 802 1731 1029 1794; x_wconf 88' lang='lat' dir='ltr'>Epistolis</span> <span class='ocrx_word' id='word_1_177' title='bbox 1067 1729 1362 1792; x_wconf 90' lang='lat' dir='ltr'>subscriptus</span> <span class='ocrx_word' id='word_1_178' title='bbox 1399 1728 1608 1790; x_wconf 87' lang='lat' dir='ltr'>plerum-</span> 
     </span>
     <span class='ocr_line' id='line_1_22' title="bbox 97 1807 1610 1872; baseline -0.005 -17"><span class='ocrx_word' id='word_1_179' title='bbox 97 1827 189 1872; x_wconf 87' lang='lat' dir='ltr'>que</span> <span class='ocrx_word' id='word_1_180' title='bbox 230 1827 451 1855; x_wconf 89' lang='lat' dir='ltr'>versuum</span> <span class='ocrx_word' id='word_1_181' title='bbox 497 1826 724 1854; x_wconf 88' lang='lat' dir='ltr'>numerus</span> <span class='ocrx_word' id='word_1_182' title='bbox 767 1826 825 1853; x_wconf 81' lang='lat' dir='ltr'>cx</span> <span class='ocrx_word' id='word_1_183' title='bbox 875 1807 1143 1869; x_wconf 87' lang='lat' dir='ltr'>antiquiore</span> <span class='ocrx_word' id='word_1_184' title='bbox 1187 1813 1405 1868; x_wconf 89' lang='lat' dir='ltr'>sumptus</span> <span class='ocrx_word' id='word_1_185' title='bbox 1448 1820 1610 1848; x_wconf 81' lang='lat' dir='ltr'>exem-</span> 
     </span>
     <span class='ocr_line' id='line_1_23' title="bbox 96 1883 1608 1948; baseline -0.005 -18"><span class='ocrx_word' id='word_1_186' title='bbox 96 1884 244 1948; x_wconf 85' lang='lat' dir='ltr'>plari:</span> <span class='ocrx_word' id='word_1_187' title='bbox 283 1902 438 1947; x_wconf 86' lang='lat' dir='ltr'>neque</span> <span class='ocrx_word' id='word_1_188' title='bbox 475 1885 602 1930; x_wconf 87' lang='lat' dir='ltr'>enim</span> <span class='ocrx_word' id='word_1_189' title='bbox 642 1884 867 1929; x_wconf 86' lang='lat' dir='ltr'>convenit</span> <span class='ocrx_word' id='word_1_190' title='bbox 903 1883 1081 1929; x_wconf 89' lang='lat' dir='ltr'>codicis</span> <span class='ocrx_word' id='word_1_191' title='bbox 1117 1899 1341 1928; x_wconf 86' lang='lat' dir='ltr'>versuum</span> <span class='ocrx_word' id='word_1_192' title='bbox 1379 1894 1608 1925; x_wconf 85' lang='lat' dir='ltr'>numero:</span> 
     </span>
     <span class='ocr_line' id='line_1_24' title="bbox 98 1956 1607 2023; baseline -0.004 -17"><span class='ocrx_word' id='word_1_193' title='bbox 98 1961 155 2006; x_wconf 88' lang='lat' dir='ltr'>de</span> <span class='ocrx_word' id='word_1_194' title='bbox 182 1978 278 2023; x_wconf 94' lang='lat' dir='ltr'>quo</span> <span class='ocrx_word' id='word_1_195' title='bbox 303 1960 507 2007; x_wconf 85' lang='lat' dir='ltr'>videnda</span> <span class='ocrx_word' id='word_1_196' title='bbox 532 1978 637 2022; x_wconf 82' lang='lat' dir='ltr'>quae</span> <span class='ocrx_word' id='word_1_197' title='bbox 670 1960 719 2005; x_wconf 91' lang='lat' dir='ltr'>in</span> <span class='ocrx_word' id='word_1_198' title='bbox 751 1962 846 2005; x_wconf 87' lang='lat' dir='ltr'>fine</span> <span class='ocrx_word' id='word_1_199' title='bbox 872 1959 1234 2005; x_wconf 88' lang='lat' dir='ltr'>annotationum</span> <span class='ocrx_word' id='word_1_200' title='bbox 1262 1957 1319 2003; x_wconf 90' lang='lat' dir='ltr'>ad</span> <span class='ocrx_word' id='word_1_201' title='bbox 1345 1956 1607 2002; x_wconf 89' lang='lat' dir='ltr'>orationem</span> 
     </span>
     <span class='ocr_line' id='line_1_25' title="bbox 99 2031 1609 2100; baseline -0.004 -18"><span class='ocrx_word' id='word_1_202' title='bbox 99 2037 442 2100; x_wconf 87' lang='lat' dir='ltr'>Olynthiaeam</span> <span class='ocrx_word' id='word_1_203' title='bbox 482 2037 685 2099; x_wconf 91' lang='lat' dir='ltr'>primam</span> <span class='ocrx_word' id='word_1_204' title='bbox 727 2035 952 2081; x_wconf 78' lang='lat' dir='ltr'>diximus,</span> <span class='ocrx_word' id='word_1_205' title='bbox 1024 2034 1336 2081; x_wconf 84' lang='lat' dir='ltr'>Orationibus</span> <span class='ocrx_word' id='word_1_206' title='bbox 1378 2031 1609 2078; x_wconf 79' lang='lat' dir='ltr'>tredecim</span> 
     </span>
     <span class='ocr_line' id='line_1_26' title="bbox 98 2108 1610 2174; baseline -0.002 -16"><span class='ocrx_word' id='word_1_207' title='bbox 98 2125 244 2174; x_wconf 86' lang='lat'>——15.</span> <span class='ocrx_word' id='word_1_208' title='bbox 270 2112 348 2174; x_wconf 73' lang='grc' dir='ltr'>(ξὲ</span> <span class='ocrx_word' id='word_1_209' title='bbox 375 2111 636 2158; x_wconf 89' lang='lat' dir='ltr'>secundum</span> <span class='ocrx_word' id='word_1_210' title='bbox 673 2112 849 2158; x_wconf 87' lang='lat' dir='ltr'>codicis</span> <span class='ocrx_word' id='word_1_211' title='bbox 886 2111 1139 2170; x_wconf 87' lang='lat' dir='ltr'>ordinem).</span> <span class='ocrx_word' id='word_1_212' title='bbox 1169 2128 1243 2157; x_wconf 82' lang='lat'>20.</span> <span class='ocrx_word' id='word_1_213' title='bbox 1272 2111 1370 2170; x_wconf 84' lang='grc' dir='ltr'><strong>(ιε’.)</strong></span> <span class='ocrx_word' id='word_1_214' title='bbox 1400 2127 1473 2155; x_wconf 91' lang='grc'>21.</span> <span class='ocrx_word' id='word_1_215' title='bbox 1500 2108 1610 2169; x_wconf 77' lang='grc' dir='ltr'><strong>(ις’.)</strong></span> 
     </span>
     <span class='ocr_line' id='line_1_27' title="bbox 103 2185 1610 2253; baseline -0.003 -18"><span class='ocrx_word' id='word_1_216' title='bbox 103 2203 177 2251; x_wconf 93' lang='grc'>27.</span> <span class='ocrx_word' id='word_1_217' title='bbox 205 2187 332 2253; x_wconf 81' lang='grc' dir='ltr'><strong>(λζ’.)</strong></span> <span class='ocrx_word' id='word_1_218' title='bbox 360 2190 434 2235; x_wconf 91' lang='grc'>28.</span> <span class='ocrx_word' id='word_1_219' title='bbox 464 2188 582 2248; x_wconf 87' lang='grc' dir='ltr'><strong>(λη’.)</strong></span> <span class='ocrx_word' id='word_1_220' title='bbox 614 2205 689 2250; x_wconf 94' lang='grc'>29.</span> <span class='ocrx_word' id='word_1_221' title='bbox 716 2189 840 2250; x_wconf 85' lang='grc' dir='ltr'><strong>(λΘ’.)</strong></span> <span class='ocrx_word' id='word_1_222' title='bbox 878 2206 954 2251; x_wconf 84' lang='grc'>31.</span> <span class='ocrx_word' id='word_1_223' title='bbox 981 2189 1107 2247; x_wconf 84' lang='grc' dir='ltr'><strong>(μα’.)</strong></span> <span class='ocrx_word' id='word_1_224' title='bbox 1142 2203 1220 2246; x_wconf 91' lang='lat'>41.</span> <span class='ocrx_word' id='word_1_225' title='bbox 1248 2187 1362 2247; x_wconf 52' lang='grc' dir='ltr'><strong>(ηδ’.)</strong></span> <span class='ocrx_word' id='word_1_226' title='bbox 1385 2189 1463 2245; x_wconf 89' lang='grc'>48.</span> <span class='ocrx_word' id='word_1_227' title='bbox 1491 2185 1610 2242; x_wconf 57' lang='lat' dir='ltr'>(mist)</span> 
     </span>
     <span class='ocr_line' id='line_1_28' title="bbox 101 2263 1614 2327; baseline -0.003 -15"><span class='ocrx_word' id='word_1_228' title='bbox 101 2278 177 2327; x_wconf 80' lang='lat'>53.</span> <span class='ocrx_word' id='word_1_229' title='bbox 206 2265 292 2326; x_wconf 78' lang='grc' dir='ltr'><strong>(ν’.)</strong></span> <span class='ocrx_word' id='word_1_230' title='bbox 321 2281 396 2326; x_wconf 86' lang='grc'>55.</span> <span class='ocrx_word' id='word_1_231' title='bbox 424 2265 550 2325; x_wconf 57' lang='grc' dir='ltr'><strong>(μί’.)</strong></span> <span class='ocrx_word' id='word_1_232' title='bbox 589 2267 665 2326; x_wconf 85' lang='grc'>56.</span> <span class='ocrx_word' id='word_1_233' title='bbox 696 2265 825 2326; x_wconf 71' lang='grc' dir='ltr'><strong>(μ’γ’.)</strong></span> <span class='ocrx_word' id='word_1_234' title='bbox 864 2267 941 2326; x_wconf 85' lang='grc'>58.</span> <span class='ocrx_word' id='word_1_235' title='bbox 967 2263 1459 2326; x_wconf 39' lang='lat' dir='ltr'>(KQ—subscriptum</span> <span class='ocrx_word' id='word_1_236' title='bbox 1498 2263 1614 2325; x_wconf 69' lang='grc' dir='ltr'>διορ-</span> 
     </span>
     <span class='ocr_line' id='line_1_29' title="bbox 102 2338 1611 2414; baseline -0.003 -27"><span class='ocrx_word' id='word_1_237' title='bbox 102 2344 265 2391; x_wconf 82' lang='grc' dir='ltr'>Θώσεως</span> <span class='ocrx_word' id='word_1_238' title='bbox 301 2341 492 2404; x_wconf 87' lang='lat' dir='ltr'>signum</span> <span class='ocrx_word' id='word_1_239' title='bbox 519 2343 574 2386; x_wconf 89' lang='grc' dir='ltr'>Δ.</span> <span class='ocrx_word' id='word_1_240' title='bbox 599 2341 673 2386; x_wconf 87' lang='lat' dir='ltr'>vel</span> <span class='ocrx_word' id='word_1_241' title='bbox 707 2341 761 2414; x_wconf 63' lang='lat' dir='ltr'>A,-</span> <span class='ocrx_word' id='word_1_242' title='bbox 784 2342 979 2403; x_wconf 72' lang='grc' dir='ltr'><em>μετρίως,</em></span> <span class='ocrx_word' id='word_1_243' title='bbox 1001 2339 1144 2402; x_wconf 86' lang='lat' dir='ltr'>idque</span> <span class='ocrx_word' id='word_1_244' title='bbox 1182 2357 1204 2384; x_wconf 89' lang='lat' dir='ltr'>a</span> <span class='ocrx_word' id='word_1_245' title='bbox 1237 2338 1422 2384; x_wconf 87' lang='lat' dir='ltr'>duabus</span> <span class='ocrx_word' id='word_1_246' title='bbox 1461 2338 1611 2383; x_wconf 86' lang='lat' dir='ltr'>mani-</span> 
     </span>
     <span class='ocr_line' id='line_1_30' title="bbox 102 2415 1610 2487; baseline -0.003 -17"><span class='ocrx_word' id='word_1_247' title='bbox 102 2425 207 2481; x_wconf 82' lang='lat' dir='ltr'>buS,</span> <span class='ocrx_word' id='word_1_248' title='bbox 243 2442 443 2486; x_wconf 88' lang='lat' dir='ltr'>quarum</span> <span class='ocrx_word' id='word_1_249' title='bbox 481 2415 611 2487; x_wconf 77' lang='lat' dir='ltr'>prior</span> <span class='ocrx_word' id='word_1_250' title='bbox 647 2442 741 2469; x_wconf 91' lang='lat' dir='ltr'>non</span> <span class='ocrx_word' id='word_1_251' title='bbox 782 2424 905 2469; x_wconf 85' lang='lat' dir='ltr'>ultra</span> <span class='ocrx_word' id='word_1_252' title='bbox 936 2422 1198 2468; x_wconf 88' lang='lat' dir='ltr'>orationem</span> <span class='ocrx_word' id='word_1_253' title='bbox 1233 2422 1319 2475; x_wconf 83' lang='grc' dir='ltr'><strong>μα’.</strong></span> <span class='ocrx_word' id='word_1_254' title='bbox 1352 2420 1610 2484; x_wconf 86' lang='lat' dir='ltr'>processit:</span> 
     </span>
     <span class='ocr_line' id='line_1_31' title="bbox 102 2497 1613 2562; baseline -0.005 -16"><span class='ocrx_word' id='word_1_255' title='bbox 102 2499 160 2545; x_wconf 88' lang='lat' dir='ltr'>de</span> <span class='ocrx_word' id='word_1_256' title='bbox 193 2518 290 2562; x_wconf 90' lang='lat' dir='ltr'>quo</span> <span class='ocrx_word' id='word_1_257' title='bbox 322 2500 443 2545; x_wconf 88' lang='lat' dir='ltr'>infra</span> <span class='ocrx_word' id='word_1_258' title='bbox 478 2500 706 2546; x_wconf 89' lang='lat' dir='ltr'>dicemus.</span> <span class='ocrx_word' id='word_1_259' title='bbox 775 2500 1069 2561; x_wconf 88' lang='lat' dir='ltr'>Frequentes</span> <span class='ocrx_word' id='word_1_260' title='bbox 1107 2497 1276 2543; x_wconf 88' lang='lat' dir='ltr'>calami</span> <span class='ocrx_word' id='word_1_261' title='bbox 1313 2498 1470 2560; x_wconf 86' lang='lat' dir='ltr'>lapsus</span> <span class='ocrx_word' id='word_1_262' title='bbox 1505 2513 1613 2540; x_wconf 74' lang='lat' dir='ltr'>suos</span> 
     </span>
     <span class='ocr_line' id='line_1_32' title="bbox 104 2572 1613 2639; baseline -0.003 -18"><span class='ocrx_word' id='word_1_263' title='bbox 104 2576 320 2622; x_wconf 87' lang='lat' dir='ltr'>librarius</span> <span class='ocrx_word' id='word_1_264' title='bbox 350 2594 473 2639; x_wconf 86' lang='lat' dir='ltr'>saepe</span> <span class='ocrx_word' id='word_1_265' title='bbox 504 2577 605 2639; x_wconf 90' lang='lat' dir='ltr'>ipse</span> <span class='ocrx_word' id='word_1_266' title='bbox 631 2576 851 2632; x_wconf 85' lang='lat' dir='ltr'>correxit,</span> <span class='ocrx_word' id='word_1_267' title='bbox 878 2576 1131 2621; x_wconf 90' lang='lat' dir='ltr'>verborum</span> <span class='ocrx_word' id='word_1_268' title='bbox 1158 2574 1463 2635; x_wconf 88' lang='lat' dir='ltr'>trajectorum</span> <span class='ocrx_word' id='word_1_269' title='bbox 1491 2572 1613 2617; x_wconf 90' lang='lat' dir='ltr'>ordi-</span> 
     </span>
     <span class='ocr_line' id='line_1_33' title="bbox 105 2648 1614 2715; baseline -0.003 -18"><span class='ocrx_word' id='word_1_270' title='bbox 105 2670 215 2697; x_wconf 90' lang='lat' dir='ltr'>nem</span> <span class='ocrx_word' id='word_1_271' title='bbox 242 2661 423 2698; x_wconf 87' lang='lat' dir='ltr'>rectum</span> <span class='ocrx_word' id='word_1_272' title='bbox 453 2653 657 2697; x_wconf 88' lang='lat' dir='ltr'>restituit</span> <span class='ocrx_word' id='word_1_273' title='bbox 683 2651 911 2715; x_wconf 81' lang='lat' dir='ltr'>appositis</span> <span class='ocrx_word' id='word_1_274' title='bbox 937 2650 1138 2703; x_wconf 83' lang='lat' dir='ltr'>lineolis,</span> <span class='ocrx_word' id='word_1_275' title='bbox 1159 2649 1216 2694; x_wconf 87' lang='lat' dir='ltr'>de</span> <span class='ocrx_word' id='word_1_276' title='bbox 1243 2650 1417 2711; x_wconf 90' lang='lat' dir='ltr'>quibus</span> <span class='ocrx_word' id='word_1_277' title='bbox 1438 2648 1536 2694; x_wconf 83' lang='lat' dir='ltr'>dixi</span> <span class='ocrx_word' id='word_1_278' title='bbox 1566 2648 1614 2693; x_wconf 91' lang='lat' dir='ltr'>in</span> 
     </span>
     <span class='ocr_line' id='line_1_34' title="bbox 105 2724 1616 2791; baseline -0.003 -18"><span class='ocrx_word' id='word_1_279' title='bbox 105 2728 410 2774; x_wconf 86' lang='lat' dir='ltr'>annotatione</span> <span class='ocrx_word' id='word_1_280' title='bbox 444 2728 502 2773; x_wconf 94' lang='lat' dir='ltr'>ad</span> <span class='ocrx_word' id='word_1_281' title='bbox 533 2747 580 2791; x_wconf 91' lang='lat' dir='ltr'>p.</span> <span class='ocrx_word' id='word_1_282' title='bbox 612 2730 720 2784; x_wconf 86' lang='grc'><strong>228,</strong></span> <span class='ocrx_word' id='word_1_283' title='bbox 754 2745 843 2783; x_wconf 85' lang='grc'><strong>10.,</strong></span> <span class='ocrx_word' id='word_1_284' title='bbox 869 2727 1026 2772; x_wconf 85' lang='lat' dir='ltr'>literas</span> <span class='ocrx_word' id='word_1_285' title='bbox 1051 2725 1257 2788; x_wconf 87' lang='lat' dir='ltr'>denique</span> <span class='ocrx_word' id='word_1_286' title='bbox 1286 2725 1355 2770; x_wconf 85' lang='lat' dir='ltr'>vel</span> <span class='ocrx_word' id='word_1_287' title='bbox 1384 2724 1616 2771; x_wconf 87' lang='lat' dir='ltr'>voeabula</span> 
     </span>
     <span class='ocr_line' id='line_1_35' title="bbox 106 2801 1617 2868; baseline -0.004 -17"><span class='ocrx_word' id='word_1_288' title='bbox 106 2804 289 2868; x_wconf 89' lang='lat' dir='ltr'>integra</span> <span class='ocrx_word' id='word_1_289' title='bbox 324 2805 447 2851; x_wconf 86' lang='lat' dir='ltr'>inter</span> <span class='ocrx_word' id='word_1_290' title='bbox 482 2803 785 2851; x_wconf 83' lang='lat' dir='ltr'>scribendum</span> <span class='ocrx_word' id='word_1_291' title='bbox 820 2804 878 2849; x_wconf 89' lang='lat' dir='ltr'>ab</span> <span class='ocrx_word' id='word_1_292' title='bbox 905 2820 952 2848; x_wconf 90' lang='lat' dir='ltr'>se</span> <span class='ocrx_word' id='word_1_293' title='bbox 979 2803 1153 2847; x_wconf 86' lang='lat' dir='ltr'>omissa</span> <span class='ocrx_word' id='word_1_294' title='bbox 1180 2801 1322 2847; x_wconf 90' lang='lat' dir='ltr'>modo</span> <span class='ocrx_word' id='word_1_295' title='bbox 1349 2818 1490 2864; x_wconf 88' lang='lat' dir='ltr'>supra</span> <span class='ocrx_word' id='word_1_296' title='bbox 1514 2817 1617 2846; x_wconf 84' lang='lat' dir='ltr'>ver-</span> 
     </span>
     <span class='ocr_line' id='line_1_36' title="bbox 107 2877 1614 2943; baseline -0.002 -18"><span class='ocrx_word' id='word_1_297' title='bbox 107 2899 184 2927; x_wconf 80' lang='lat' dir='ltr'>sus</span> <span class='ocrx_word' id='word_1_298' title='bbox 218 2881 361 2927; x_wconf 90' lang='lat' dir='ltr'>modo</span> <span class='ocrx_word' id='word_1_299' title='bbox 390 2882 439 2927; x_wconf 92' lang='lat' dir='ltr'>in</span> <span class='ocrx_word' id='word_1_300' title='bbox 475 2881 770 2943; x_wconf 79' lang='lat' dir='ltr'>marginibus</span> <span class='ocrx_word' id='word_1_301' title='bbox 809 2879 1075 2943; x_wconf 86' lang='lat' dir='ltr'>supplevit:</span> <span class='ocrx_word' id='word_1_302' title='bbox 1115 2896 1219 2940; x_wconf 84' lang='lat' dir='ltr'>quae</span> <span class='ocrx_word' id='word_1_303' title='bbox 1245 2878 1497 2940; x_wconf 83' lang='lat' dir='ltr'>diligenter</span> <span class='ocrx_word' id='word_1_304' title='bbox 1521 2877 1614 2923; x_wconf 91' lang='lat' dir='ltr'>dis-</span> 
     </span>
    </p>
   </div>
  </div>
 </body>
</html>
