1903 3271
271 177 355 216 384
833 181 1262 218 ΔΗΜΟΣΘΕΝΟΥΣ
1372 180 1454 218 οη.
1476 179 1613 219 XIX.
1638 194 1664 233 p
1695 181 1793 233 366,
1816 196 1870 220 ι.γ

199 312 246 350 91
333 287 444 339 ’Έτι
482 290 637 339 τοίνυν
676 290 925 340 Υτοιοῦτόῑ
958 313 1001 340 τι
1035 290 1229 353 μέλλειν
1256 291 1397 341 αὐτὸν
1429 291 1580 341 ἀκούω
1617 293 1785 357 λε’γειν,

265 372 335 422 ὅτι
362 372 582 438 θαυμάζει
608 375 656 423 τί
679 373 851 436 δήποτε
872 374 1186 437 Δημοσθένης
1212 381 1230 399 a
1247 374 1331 436 μὲν
1358 375 1499 424 αὐτοῦ
1526 380 1785 441 κατηγορεῖ,

264 455 466 506 Φωκέων
503 458 538 506 δ’
574 458 735 509 οὐδείς.
780 459 842 509 ὡς
882 455 964 520 ι’δὴ
998 459 1120 506 τοῦτ’
1149 456 1255 523 ἔχει,
1293 457 1486 517 βέλτιον
1520 465 1782 522 ςπροακοῦ-

1047 538 1066 565 d
1084 539 1449 591 ἐκπεπτωκότων
1475 545 1517 591 οἱ
1547 540 1631 603 μὲν
1657 540 1783 604 οἶμαι

263 561 347 589 σαι
382 541 490 605 παρ’
520 541 646 602 ἐμοῦ.
692 540 894 589 Φωκέων
919 544 1014 589 τῶν

263 622 539 683 8βέλτιστοι
578 625 652 672 καὶ
677 622 981 688 μετριώτατοι
1018 622 1226 690 φυγάδες
1251 623 1544 688 γεγενημένοι
1578 627 1652 675 καὶ
1679 648 1777 676 τοι·
1798 644 1832 676 15
1872 623 1893 701 ζ,

263 711 380 756 αῦτα
424 705 709 759 πεπονθότες
756 707 958 773 ἡσυχίαν
1001 707 1187 771 ἄγουσι,
1229 710 1303 756 καὶ
1346 708 1491 760 οὐδεὶς
1532 706 1590 757 ἂν
1630 709 1783 759 αὐτῶν
1876 700 1893 736 Ὗ,

262 788 575 852 ἐθελήσειεν
554 813 666 855 υπερ
705 795 800 840 τῶν
826 795 992 840 κοινῶν
1018 795 1284 898 συμφορων
1310 791 1428 840 ιδιάν
1455 790 1668 857 ε”χθρανῑ
1672 794 1780 842 ἀνε-

944 871 962 898 h

261 872 446 922 λε’σθαι·
487 895 528 922 οι
564 876 604 922 δ’
632 874 687 908 g
669 878 823 923 οτιοῦν
854 873 911 922 ἂν
980 874 1201 938 ἀργυριου
1233 873 1541 936 ιποιήσαντες
1577 897 1660 924 τον
1686 875 1777 925 δω-

194 980 246 1021 92
262 978 412 1006 σοντα
450 957 532 1006 οὐκ
568 956 757 1023 ἔχουσιν
802 958 972 1010 αὑτοῖς.
1016 958 1069 1006 οὐ
1109 957 1202 1022 γὰρ
1242 957 1378 1021 ἔγωγ’
1419 956 1475 1007 ἂν
1517 958 1666 1009 ἔδωκα
1706 960 1782 1009 οὐ-
1796 981 1836 1003 ²0

261 1042 353 1089 δενὶ
393 1039 537 1102 οὐδὲν,
571 1040 694 1089 ὥστε
729 1039 747 1066 k
767 1063 846 1103 μοι
884 1039 1246 1106 Ῑπαραστάντας
1281 1048 1311 1066 ¹¹¹
1331 1043 1515 1092 ἐνταυθὶ
1549 1047 1669 1102 βοᾶν
1708 1042 1783 1093 οἷα

258 1121 572 1173 πεπόνθασιν·
614 1124 642 1186 ἡ
681 1122 774 1189 γὰρ
820 1123 1016 1187 ἀλήθεια
1055 1127 1130 1174 καὶ
1177 1123 1236 1174 τὰ
1282 1126 1590 1190 πεπραγμένα
1634 1125 1784 1176 ”abra

257 1211 364 1275 βοᾷ.
408 1206 540 1257 ἀλλα
565 1206 657 1270 μὴν
693 1207 770 1257 ὅθ
790 1230 845 1272 γε
883 1211 1026 1271 δῆμος
1063 1209 1088 1258 ὁ
1124 1212 1218 1258 τῶν
1244 1208 1446 1258 Φωκέων
1473 1210 1593 1260 οὕτω
1631 1214 1783 1263 κακῶς

258 1292 334 1340 καὶ
385 1292 592 1344 ἐλεεινῶς
644 1290 880 1353 διακειται,
929 1290 1054 1343 ὥστε
1104 1291 1169 1355 μὴ
1221 1293 1326 1357 περὶ
1370 1298 1453 1342 τοῦ
1506 1298 1781 1358 κατηγορεῖν
1894 1348 1899 1382 1

257 1372 442 1443 ἑκάστῳ
478 1373 561 1427 τὰς
600 1374 860 1439 Ἀθήνησιν
902 1375 1096 1428 εὐθύνας
1136 1372 1249 1425 εἶναι
1288 1374 1370 1425 τὸν
1409 1374 1571 1440 λόγον,
1613 1375 1779 1427 ιὀἰλλιῗι
1793 1399 1830 1431 25

257 1458 494 1509 δουλεύειν
519 1461 594 1509 καὶ
621 1458 838 1509 τεθνάναι
874 1463 940 1528 τῷ
965 1457 1105 1528 φόβῳ
1131 1460 1404 1523 (ἱΘηβαίους
1442 1463 1517 1510 καὶ
1548 1457 1655 1513 τοὺς
1694 1464 1780 1511 Φι-

254 1543 435 1593 λίππου
486 1543 658 1610 ξένους,
710 1543 788 1596 οὓς
839 1541 1177 1608 ἀναγκάζονται
1231 1542 1431 1611 τρέφειν,
1484 1544 1780 1612 διῳκισμένοι

185 1646 237 1688 93
254 1625 373 1675 κατὰ
413 1626 604 1688 Γκώμας
643 1628 717 1676 καὶ
757 1627 1107 1693 8παρῃρημένοι
1148 1625 1207 1676 τὰ
1248 1626 1389 1677 ὅπλα.
1430 1625 1494 1690 μὴ
1532 1626 1588 1686 δὴ
1631 1633 1779 1678 ταῦτα

253 1709 409 1774 λέγειν
435 1708 577 1760 αὐτὸν
607 1711 723 1771 ἐᾶτε,
751 1711 862 1759 ἀλλ’
892 1712 954 1763 ὡς
993 1711 1074 1760 οὐκ
1114 1709 1402 1760 ἀπολώλασι
1438 1714 1618 1764 Φωκεῖς
1652 1715 1771 1762 δεικ-
1788 1717 1866 1772 367

1890 1575 1896 1673 1

252 1792 396 1854 νύναι,
449 1791 476 1855 ὴ
529 1795 591 1845 ὡς
643 1794 729 1860 οὐχ
787 1793 1018 1859 ὑπέσχετο
1070 1792 1251 1843 σώσειν
1301 1791 1467 1846 αὐτοὺς
1517 1794 1776 1847 Φίλιππον.

252 1877 422 1926 ἴτοῦτο
460 1875 552 1942 γάρ
590 1881 718 1927 ιιεἰσι
757 1877 1016 1943 πρεσβείας
1048 1877 1285 1938 νεῦθυναι,
1316 1877 1365 1926 τί
1397 1876 1692 1942 πέπρακταις
1733 1879 1782 1929 τί

249 1959 545 2025 ἀπήγγειλας
567 1982 579 2022 ;
636 1965 672 2011 εἰ
717 1960 801 2024 μὲν
846 1963 1016 2024 ἀληθῆ,
1057 1960 1225 2026 σώζου·
1265 1964 1301 2010 εἰ
1343 1959 1391 2011 δὲ
1431 1962 1600 2028 ψευδῆ,
1642 1962 1774 2025 δίκην

248 2041 343 2097 δός.
387 2047 422 2093 εἰ
467 2043 516 2094 δὲ
549 2043 614 2108 μὴ
647 2043 839 2109 πάρεισι
879 2047 1070 2106 Φωκεῖς,
1103 2043 1151 2093 τί
1182 2048 1350 2104 τοῦτο;
1392 2043 1512 2093 οὕτω
1548 2042 1640 2110 γὰρ
1675 2044 1802 2095 διέ-5

302 2228 321 2256 y
340 2224 475 2256 τοιοῦτο
498 2223 532 2256 S.
563 2224 615 2257 καὶ
637 2225 771 2257 τοιοῦτο
790 2224 908 2269 vulgo.
1045 2229 1058 2245 ⁷
1079 2224 1232 2270 τοιοῦτό]
1258 2225 1414 2257 τοιοῦτόν
1433 2225 1534 2259 k.r.S.
1674 2230 1693 2250 a
1711 2226 1774 2268 μὲν

248 2276 407 2310 additum
427 2288 468 2309 ex
491 2277 604 2310 A.k.S.
727 2274 746 2301 b
768 2277 826 2323 δὴ]
852 2278 888 2311 δέ
909 2277 1148 2316 A.F.Q.k.1·.s.
1270 2282 1283 2298 ’ἶ
1303 2277 1533 2323 προακοῦσαι]
1558 2280 1772 2322 προακοῦσαι

248 2328 333 2372 ὑμᾶς
352 2341 371 2363 a
391 2341 437 2362 m.
459 2341 527 2362 sec.
552 2329 587 2363 S.
610 2336 644 2363 et
663 2344 718 2375 γρ.
741 2330 787 2369 Q.
917 2327 936 2354 d
957 2329 1236 2376 ἐκπεπτωκότων]
1261 2330 1466 2364 ἐπταικότων
1486 2342 1520 2364 u.
1649 2336 1665 2356 e
1683 2332 1768 2371 βέλ-

245 2382 376 2427 τιστοι]
404 2382 458 2415 καὶ
476 2383 658 2422 βέλτιστοι
680 2383 724 2416 Ο.
855 2380 870 2407 s
887 2383 1086 2428 ἀνελέσθαι]
1110 2383 1249 2417 ἑλέσθαι
1265 2384 1408 2418 A.k.r.s.
1538 2388 1559 2416 g
1578 2384 1692 2418 ὁτιοῦν
1710 2381 1767 2430 ἂν]

245 2434 322 2479 μηδ’
345 2436 460 2468 ὁτιοῦν
480 2435 557 2468 ἄνευ
579 2435 759 2471 O.1·.t.u.V.
781 2437 927 2470 correcti
949 2436 1034 2471 RY.
1055 2451 1112 2482 γρ.
1134 2437 1170 2470 k.
1262 2433 1280 2462 1¹
1304 2435 1483 2482 ἀργυρίου]
1507 2435 1668 2481 ἀργύριον
1686 2438 1767 2472 A.k.

634 2494 650 2510 α

245 2517 256 2544 i
275 2520 499 2567 ποιήσαντες]
524 2521 728 2566 ποιήσοντες
748 2524 825 2559 ΡΝ.
857 2523 1060 2567 ποιήσοντες
1075 2524 1265 2557 A.Y.k.r.s.
1337 2519 1357 2546 k
1378 2522 1452 2568 μοι]
1477 2523 1551 2566 ἐμοὶ
1570 2535 1597 2557 r.
1672 2521 1682 2548 l
1702 2539 1766 2558 πα-

242 2574 453 2620 ραστάντας]
476 2576 699 2620 παραστάντα
718 2578 831 2611 A.k.S.
985 2582 1014 2600 ¹¹¹
1035 2577 1169 2611 ἐνταυθὶ
1191 2577 1226 2611 S.
1258 2577 1402 2610 ἐνταῦθα
1422 2577 1536 2610 A.k.s.
1566 2576 1768 2622 Legebatur

242 2627 408 2661 ἐνταυθοῖ.
532 2634 551 2652 ¹²
581 2629 682 2675 αὐτὰ]
707 2631 796 2664 αὐτῶ
817 2630 862 2664 0.
981 2635 999 2653 ⁰
1028 2644 1066 2675 γε
1088 2642 1108 2663 a
1127 2635 1322 2664 correctore
1349 2630 1454 2663 habet
1474 2631 1515 2663 A.
1545 2644 1581 2663 τε
1602 2642 1621 2663 a
1641 2643 1695 2676 pr.
1718 2643 1764 2666 m.

628 2692 662 2710 ου

242 2729 262 2758 Ρ
289 2721 379 2756 ἀλλὰ
400 2722 516 2769 δουλ.]
548 2723 639 2759 ἀλλα
659 2726 754 2759 δουλ.
779 2726 818 2760 F.
849 2724 926 2758 ἀλλ’
949 2725 987 2758 οὐ
1009 2725 1105 2759 δουλ.
1127 2726 1284 2760 S.Y.u.v.
1307 2730 1342 2759 et
1363 2737 1415 2770 pr.
1437 2725 1512 2759 O.t.
1533 2725 1716 2771 vulgatum
1745 2739 1765 2760 a

240 2786 288 2810 m.
311 2787 379 2809 see.
402 2788 524 2822 margo
546 2777 582 2811 S.
696 2786 714 2813 (1
738 2778 926 2823 Θηβαίους]
950 2778 1029 2813 τοὺς
1049 2777 1210 2821 θηβαίους
1229 2791 1256 2812 r.
1279 2783 1314 2812 et
1334 2790 1354 2811 a
1374 2790 1421 2812 m.
1445 2790 1512 2812 sec.
1535 2778 1569 2811 S.
1592 2784 1627 2812 et
1645 2794 1700 2825 γρ.
1717 2779 1762 2818 Q.

240 2829 294 2862 καὶ
314 2829 393 2864 τοὺς
413 2827 575 2872 θηβαίους
593 2843 661 2866 rec.
685 2831 730 2865 O.
869 2838 882 2857 Γ
912 2831 1040 2877 κώμας]
1065 2833 1179 2877 χώραν
1197 2832 1341 2865 A.k.r.s.
1480 2837 1495 2856 S
1515 2831 1760 2878 παρῃρημένοι]

240 2885 305 2910 περι

240 2915 472 2959 παρῃρημένοι
493 2917 531 2950 F.
559 2919 797 2963 περιῃρημένοι
818 2918 861 2956 Q.
884 2923 919 2952 et
938 2932 993 2963 γρ.
1016 2918 1051 2952 S.
1208 2916 1222 2942 t
1250 2917 1370 2963 τοῦτο]
1403 2919 1509 2952 ταῦτα
1529 2923 1706 2953 correctus
1731 2930 1760 2952 1⁶.

237 2970 259 2989 u
281 2966 368 3014 εἶσι]
397 2968 474 3002 ἐστι
493 2970 604 3004 A.k.s.
718 2974 733 2990 v
754 2971 888 3005 εὔθυναι
909 2972 947 3005 F.
977 2971 1111 3005 εὐθῦναι
1130 2983 1157 3006 r.
1187 2969 1321 3005 εὐθύνοι
1342 2971 1459 3015 vulgo.
