1930 3266
48 213 148 255 313,
164 215 216 243 29.
562 201 688 238 ΠΕΡΙ
719 201 829 238 TOT
858 200 1164 237 ΣΤΕΦΑΝΟΎ.
1538 200 1622 241 399

170 310 190 337 k

113 313 138 362 ὃ
201 310 375 374 σεμνὸς
409 310 526 376 ἀνὴρ
560 312 635 360 καὶ
671 309 906 360 διαπτύων
940 308 1047 362 τοὺς
1085 308 1263 362 ἄλλους
1301 309 1468 359 σκόπει
1505 309 1623 374 πρὸς

110 394 304 458 1ταύτην
339 395 492 462 1’[’ποίᾳ
523 395 642 443 Πτινὶ
680 393 907 460 κέχρησαι
944 393 1076 460 τύχῃ,
1109 395 1166 442 δι’
1194 391 1252 455 ἢν
1289 397 1398 444 παῖς
1435 391 1520 455 μὲν
1558 391 1623 442 ὢν

110 477 228 542 μετὰ
263 480 484 541 οπολλῆς
521 477 691 530 ἐνδείας
728 475 946 544 ἐτράφης,
986 474 1083 539 ἅμα
1121 479 1187 544 τῷ
1223 478 1364 541 πατρὶ
1402 474 1520 541 πρὸς
1557 480 1623 544 τῷ

0 563 3 632 J
111 561 425 629 διδασκαλείῳ
451 559 792 626 προσεδρεύων,
820 558 873 609 τὸ
898 556 1050 622 μέλαν
1075 559 1250 624 τρίβων
1276 561 1351 609 καὶ
1382 558 1441 609 τὰ
1465 558 1623 625 βάθρα

110 640 384 707 σπογγίζων
428 645 503 691 καὶ
540 641 625 691 Ρτὸ
665 643 1007 706 παιδαγωγεῖον
1051 645 1214 706 κορῶν,
1253 642 1430 692 οἰκέτου
1474 641 1622 710 τάξιν,

111 807 318 875 τελούσῃ
368 807 451 860 τὰς
501 809 704 869 βίβλους
755 808 1097 873 ἀνεγίγνωσκες
1154 810 1228 858 καὶ
1284 808 1444 859 τᾶλλα
1500 832 1616 860 συν-

350 896 370 905 Α

111 913 384 957 εσκευωρου,
410 890 523 954 ᾳτὴν
557 889 642 953 μὲν
676 890 818 941 νύκτα
844 890 1090 957 Γνεβρίζων
1122 894 1195 942 καὶ
1230 891 1515 958 κρατηρίζων
1547 895 1622 943 καὶ

111 975 344 1040 καθαίρων
387 973 494 1027 τοὺς
539 974 842 1036 τελουμένους
891 977 966 1024 καὶ
1011 974 1324 1038 5οἰπομοῖττων
1368 980 1434 1045 τῷ
1483 981 1623 1044 πηλῷ

714 1058 727 1083 t

744 1056 939 1111 ἀνιστὰς
977 1058 1071 1108 ἀπὸ
1105 1064 1187 1109 τοῦ
1226 1063 1467 1124 καθαρμοῦ
1506 1066 1617 1109 ulce-

0 644 96 852 =323
113 727 194 776 οὐκ
228 724 471 790 ἐλευθέρου
508 723 673 778 παιδὸς
711 725 844 791 ἔχων,
877 724 993 790 ἀνὴρ
1026 723 1074 774 δὲ
1109 725 1355 788 γενόμενος
1389 729 1447 792 τῇ
1483 730 1623 791 μητρὶ

0 859 3 889 ι

0 1038 4 1149 j
110 1060 184 1108 καὶ
221 1063 316 1110 τοῖς
353 1057 561 1123 πιτύροις
600 1059 675 1107 καὶ

0 1166 3 1190 Ι

110 1140 260 1191 λεύων
305 1140 458 1205 λέγειν
503 1148 530 1170 “
550 1141 725 1208 ἔφυγον
777 1139 932 1203 κακὸν,
979 1141 1111 1206 εὗρον
1163 1142 1394 1204 ἅμεινον,”
1438 1144 1513 1192 ε’πὶ
1557 1146 1623 1210 τῷ

0 1192 5 1271 Ι
108 1225 283 1289 μηδένα
331 1224 520 1275 πώποτε
558 1225 826 1287 Χτηλικοῦτ’
868 1225 1096 1293 ὀλολύξαι
1144 1225 1485 1289 σεμνυνόμενος
1526 1228 1650 1290 (καῖε

109 1309 255 1375 ἔγωγε
288 1308 473 1374 νομίζω·
514 1307 578 1372 μὴ
605 1307 698 1373 γὰρ
725 1308 868 1358 οἴεσθ’
898 1307 1039 1359 αὑτὸν
1065 1309 1361 1376 φθέγγεσθαι
1393 1310 1477 1373 μὲν
1503 1311 1622 1361 οὕτω

16 1392 244 1458 324μέγα,
277 1391 546 1456 Υόλολύζειν
583 1393 619 1442 δ’
655 1392 740 1457 οὐχ
780 1390 1155 1459 ὑπέρλαμπρον),
1195 1394 1243 1442 ἐν
1281 1391 1330 1441 δὲ
1368 1397 1469 1446 ταῖς
1506 1394 1619 1456 ἡμέ-

108 1499 210 1543 ραις
245 1476 350 1530 τοὺς
385 1474 556 1529 καλοὺς
592 1475 785 1527 θιάσους
816 1475 945 1540 (ἴγων
971 1474 1046 1525 διὰ
1071 1480 1165 1525 τῶν
1192 1477 1326 1538 ὁδῶν,
1352 1476 1458 1529 τοὺς
1485 1479 1615 1527 ε’στε-

108 1561 410 1628 φανωμένους
446 1564 512 1629 τῷ
545 1558 767 1628 Ζμαροῖθῳ
808 1561 882 1609 καὶ
921 1563 978 1625 τῇ
1016 1559 1171 1626 λεύκῃ,
1206 1559 1313 1612 τοὺς
1349 1559 1478 1628 ὄφεις
1514 1561 1649 1614 τοὺςε

108 1645 332 1709 ἢπαρειάς
384 1644 566 1704 θλίβων
617 1645 691 1693 καὶ
743 1642 857 1709 ὑπὲρ
907 1646 988 1706 τῆς
1039 1647 1250 1711 κεφαλῆς
1301 1649 1494 1710 αἰωρῶν,
1547 1648 1622 1696 καὶ

272 1725 291 1752 b
1143 1725 1207 1752 dez

106 1732 235 1788 βοῶν
302 1727 399 1777 εὐοῖ
432 1731 614 1789 ρσαβοῖ,
652 1728 727 1776 καὶ
766 1726 1104 1793 ἐπορχούμενος
1182 1751 1261 1790 υης
1301 1728 1439 1791 ἄττης
1481 1728 1623 1792 ἄττης

108 1811 201 1875 ὕης,
229 1811 426 1878 ἔξαρχος
460 1813 534 1860 καὶ
572 1809 854 1876 προηγεμὼν
891 1813 966 1860 καὶ
1000 1810 1313 1877 εῗκιστοφόρος
1347 1813 1420 1861 καὶ
1457 1818 1615 1862 λικνο-

107 1893 253 1962 φόρος
286 1896 361 1944 καὶ
395 1893 607 1944 ίπτοιαῦτα
646 1892 735 1944 ὑπὸ
770 1898 863 1943 τῶν
899 1895 1104 1962 γρᾳδίων
1141 1895 1619 1961 προσαγορευόμενος,

158 2014 180 2042 k
201 2017 343 2063 σεμνὸς]
369 2020 616 2062 σεμνυνόμενος
639 2018 673 2052 S.
714 2018 868 2063 Vulgata
890 2018 1059 2063 scriptura
1079 2026 1131 2052 est
1151 2031 1205 2064 ap.
1228 2019 1419 2053 Herodian.
1441 2020 1476 2053 in
1497 2021 1620 2055 Walzii

106 2071 210 2105 Rhet.
230 2071 299 2105 vol.
317 2071 351 2106 S.
374 2083 408 2116 p.
424 2069 513 2118 588.
530 2083 676 2116 eamque
696 2072 918 2105 commendat
938 2072 1095 2105 additum
1115 2072 1209 2116 ἀνὴρ,
1227 2073 1321 2117 quod
1341 2085 1410 2107 om.
1427 2074 1619 2109 Herodian.

105 2125 198 2170 apud
218 2136 321 2169 quem
343 2125 511 2170 scriptum
532 2125 549 2157 ὁ
570 2125 695 2168 σεμνὸς
715 2126 767 2158 καὶ
787 2125 818 2158 δ.
841 2139 871 2157 τ.
893 2125 1033 2159 ἅλλους.
1200 2122 1208 2149 l
1230 2126 1371 2172 ταύτην]
1398 2126 1501 2169 ταύτῃ
1523 2128 1564 2161 Y.
1586 2135 1621 2162 et

105 2191 161 2222 γρ.
180 2177 266 2216 F.Q.
298 2177 401 2220 αὐτὴν
421 2177 465 2211 O.
495 2178 589 2211 ταυτὶ
608 2192 664 2222 γρ.
684 2177 726 2211 Ο.
835 2183 865 2201 m
885 2177 982 2223 ποίᾳ]
1008 2176 1107 2221 ὁποίᾳ
1127 2178 1325 2217 A.Q.k.r.s.
1432 2185 1451 2203 Π
1472 2180 1554 2226 τινὶ]
1580 2180 1620 2224 δή

105 2253 169 2274 τινι
189 2240 274 2274 O.u.
346 2246 364 2265 0
382 2239 532 2285 πολλῆς]
555 2241 687 2282 πολλῆς
707 2240 767 2282 τὴν
788 2241 822 2274 S.
897 2247 916 2274 P
936 2243 975 2275 τὸ
995 2242 1258 2288 παιδαγωγεῖον]
1285 2245 1330 2290 τῷ
1347 2244 1555 2289 παιδαγωγεῖ
1575 2244 1618 2278 Ο.

105 2299 126 2327 q
144 2293 204 2337 τὴν
222 2293 300 2339 μὲν]
325 2294 377 2327 καὶ
397 2294 457 2337 τὴν
475 2294 536 2337 μὲν
555 2293 599 2332 Q.
724 2299 738 2317 Γ
758 2293 934 2339 νεβρίζων]
959 2296 1114 2341 νευρίζων
1133 2302 1233 2330 t.u.v.
1361 2304 1374 2322 S
1396 2296 1615 2343 ἀπομάττων]

104 2345 311 2390 ἀπομμάτων
329 2347 410 2381 A.k.
528 2349 540 2372 t
559 2346 716 2392 ἀνιστὰς]
741 2347 891 2382 ἀναστὰς
910 2348 1134 2383 Y.O.r.t.u.v.
1260 2354 1280 2373 U
1301 2349 1446 2383 κελεύων
1466 2350 1618 2385 A.S.k.s.

107 2399 305 2445 Legebatur
325 2401 378 2433 καὶ
397 2398 552 2434 κελεύων.
651 2405 670 2423 Χ
689 2402 858 2442 τηλικοῦτ’
882 2401 916 2433 S.
946 2404 1146 2444 τηλικοῦτον
1166 2402 1285 2447 vulgo.
1384 2408 1398 2431 y
1421 2402 1614 2449 ὀλολύζειν]

106 2450 285 2497 ὀλολύξειν
306 2453 385 2498 Rp.
517 2459 534 2478 Ζ
553 2453 693 2499 μαράθῳ
714 2453 962 2492 S.Y.Q.O.u.v.
994 2455 1154 2502 μαράθρῳ
1174 2456 1292 2500 vulgo.
1423 2461 1442 2480 a
1461 2457 1614 2502 παρείας]

105 2521 225 2567 παρίας
243 2522 324 2556 A.k.
427 2520 443 2543 b
463 2522 550 2568 εὐοῖ]
575 2516 612 2556 εού
631 2523 671 2557 F.
705 2522 741 2557 εὖ
761 2521 796 2557 οἷ
812 2537 880 2558 ΠΝ.
902 2530 937 2558 et
955 2540 1011 2570 γρ.
1033 2538 1061 2559 S.
1095 2524 1130 2559 εὖ
1150 2522 1186 2558 οἷ
1201 2538 1229 2559 r.
1333 2531 1348 2550 ⁰
1369 2525 1490 2571 σαβοῖ]
1515 2528 1619 2567 σάβοι

108 2589 144 2625 S.
164 2590 238 2636 (qui
258 2602 330 2624 uno
349 2591 518 2625 vocabulo
538 2585 691 2633 ε’)ύσάβοι,
712 2592 821 2626 literis
841 2608 871 2626 οι
890 2606 909 2627 a
930 2606 975 2627 m.
997 2606 1066 2628 sec.
1089 2595 1359 2640 superscriptis.)
1374 2607 1444 2629 u.v.
1459 2600 1494 2629 et
1512 2609 1567 2641 γρ,
1589 2608 1615 2630 s.

584 2655 593 2671 L
703 2656 711 2672 l
821 2658 829 2673 l
901 2656 910 2673 ί
1269 2658 1277 2674 l

107 2665 126 2694 d
144 2667 203 2712 ὕης
222 2670 323 2713 ἄττης
342 2670 442 2714 ἄττης
463 2669 537 2717 ῧης]
560 2670 618 2714 ὖης
636 2671 736 2713 ἄττης
756 2672 855 2715 ἅττης
876 2672 932 2716 ὕης
952 2686 983 2707 v.
1019 2673 1070 2709 ὗῖς
1088 2674 1182 2708 ἅττ’ίς
1201 2674 1301 2717 ι’ίττης
1323 2673 1373 2709 ῧῖς
1393 2687 1428 2708 u.
1528 2680 1543 2699 e
1563 2690 1611 2709 κι-

107 2723 298 2769 στοφόρος]
336 2725 538 2768 κιττοφόρος
568 2725 1051 2771 A.F.S.Y.Q.O.k.p.r.t.u.v.
1111 2727 1356 2772 Harpocratio,
1387 2729 1612 2773 Κιττοφόρος·

106 2775 186 2809 ἔνιοι
207 2777 291 2819 μετὰ
310 2779 370 2810 τοῦ
390 2790 415 2810 σ
432 2777 609 2822 γράφουσι
632 2780 850 2823 κιστοφόρος·
880 2779 940 2813 τὰς
964 2780 1030 2825 γὰρ
1055 2782 1241 2825 λεγομένας
1270 2779 1387 2816 κίστας
1418 2782 1506 2826 ἱερὰς
1534 2778 1617 2815 εἶναι

106 2828 228 2874 ἔλεγον
246 2832 306 2863 τοῦ
327 2828 497 2863 Διονύσου
520 2831 573 2864 καὶ
596 2832 669 2864 ταῖν
689 2831 793 2865 θεαῖν.
862 2832 949 2866 LeX.
970 2833 1060 2867 rhet.
1080 2833 1117 2866 in
1138 2833 1250 2868 Bekk.
1272 2834 1403 2868 Anecd.
1424 2846 1458 2879 p.
1481 2844 1565 2880 272,
1588 2847 1616 2869 1.

109 2881 333 2927 Κιττοφόρος·
363 2884 381 2915 ὁ
401 2883 461 2916 τὸν
480 2883 593 2917 κίττον
614 2884 730 2925 (scrib.
752 2885 879 2928 κιττὸν)
901 2886 1029 2931 φορῶν·
1061 2887 1203 2929 (excidit
1226 2886 1245 2929 ἦ
1269 2889 1506 2932 κιστοφόρος,)
1537 2886 1576 2921 ἵν’
1596 2884 1618 2930 ᾔ

108 2935 126 2966 ὁ
145 2936 258 2979 φέρων
277 2936 337 2979 τὴν
356 2936 485 2979 κίστην.
528 2937 571 2969 V.
595 2937 749 2971 Lobeek.
772 2938 943 2983 Aglaoph.
967 2951 1001 2984 p.
1019 2938 1108 2985 647.
1229 2937 1244 2964 f
1260 2942 1399 2974 τοιαῦτα
1420 2941 1454 2975 S.
1484 2941 1525 2974 τὰ
1544 2955 1614 2974 τοι-

107 2989 190 3021 αῦτα
209 2988 326 3033 vulgo.

165 3061 262 3088 VOI..
283 3063 311 3090 1.
828 3066 851 3090 U
878 3067 900 3091 ΙΙ

1640 500 1677 522 10
