1882 3250
267 200 322 238 40
810 203 1237 241 ΔΗΜΟΣΘΕΝΟΎΣ
1439 201 1523 240 ΟΒ.
1548 201 1640 241 111.
1658 216 1698 256 p.
1715 211 1786 256 35,

265 316 361 364 τοῖς
400 315 566 364 κοινοῖς
604 313 679 361 καὶ
710 313 781 361 5ἐν
806 316 902 365 τοῖς
941 313 1084 365 ἰδίοις.
1128 314 1334 380 δημοσίᾳ
1357 311 1442 375 μὲν
1466 314 1621 364 τοίνυν
1646 317 1767 364 οἶκο-
1789 339 1802 360 ι

265 391 513 455 δομήματα
553 395 629 442 καὶ
672 391 831 457 κάλλη
873 394 1085 444 ἵτοιαῦτα
1126 397 1201 444 καὶ
1241 400 1454 445 τοσαῦτα
1494 394 1774 445 κατεσκεύα-

264 496 361 524 σαν
399 475 507 537 ἡμῖν
552 479 684 540 ἱερῶν
722 478 797 526 καὶ
837 481 932 526 τῶν
972 479 1020 526 ἐν
1057 476 1237 530 τούτοις
1281 476 1608 540 ἀναθημάτων,
1651 474 1775 527 ὥστε

197 584 253 624 30
264 559 426 621 μηδενὶ
463 562 557 608 τῶν
591 559 955 623 ἐπιγιγνομένων
992 559 1262 625 ὑπερβολὴν
1302 563 1568 624 λελεῖφθαι·
1611 559 1701 626 ἰδίᾳ
1734 559 1772 609 δ’

265 641 386 690 οὕτω
424 640 672 707 σώφρονες
708 640 835 703 ἦσαν
871 644 946 691 καὶ
973 641 1166 708 σφόδρα
1204 645 1280 692 “ε’ν
1316 645 1382 710 τῷ
1416 645 1496 704 τῆς
1538 642 1774 693 πολιτείας

263 723 363 786 ἤθει
401 723 615 786 με’νοντες
651 723 774 775 ὥστε
814 724 898 788 τὴν
935 726 1231 790 Ἀριστείδου
1270 727 1343 775 καὶ
1381 724 1468 788 τὴν
1507 723 1774 774 Μιλτιάδου
1788 720 1857 770 20

263 807 339 855 καὶ
379 811 472 856 τῶν
512 805 616 857 τότε
658 812 890 873 λαμπρῶν
931 808 1076 858 οὶκίαν
1122 807 1162 857 εἴ
1201 831 1270 861 τις
1315 808 1406 873 ἄρα
1456 805 1606 857 Χοῖδεν
1647 808 1776 869 ὑμῶν

263 889 403 938 ὁποία
433 892 537 939 ποτ’
564 891 710 947 ἐστὶν,
740 892 828 958 ὁρᾷ
861 894 942 953 τῆς
979 897 1062 940 τοῦ
1095 892 1300 956 γείτονος
1333 889 1465 940 οὐδὲν
1491 889 1778 955 σεμνοτέραν

262 971 429 1020 οὖσαν·
471 971 644 1037 οὐγὰρ
683 976 744 1025 εἷς
783 974 1058 1037 περιουσίαν
1096 982 1111 1009 )’
1125 973 1378 1038 ἐπράττετο
1413 973 1568 1025 αὐτοῖς
1605 970 1664 1021 τὰ
1695 973 1778 1034 τῆς

261 1053 460 1111 πόλεως,
501 1054 632 1104 ἀλλὰ
672 1053 726 1105 τὸ
769 1054 923 1105 κοινὸν
962 1055 1144 1123 ῑαῦξειν
1185 1056 1384 1108 ἕκαστος
1419 1053 1533 1122 ᾤετο
1575 1057 1684 1104 δεῖν.
1726 1055 1776 1103 ἐκ

262 1136 310 1187 δὲ
337 1143 418 1187 τοῦ
452 1137 511 1187 τὰ
543 1137 628 1200 μὲν
659 1138 921 1202 Ἑλληνικὰ
954 1143 1150 1200 πιστῶς,
1176 1138 1235 1188 τὰ
1269 1137 1316 1188 δὲ
1349 1136 1467 1203 πρὸς
1502 1135 1609 1190 τοὺς
1644 1134 1775 1189 θεοὺς
1788 1158 1826 1191 25

261 1221 482 1281 εὐσεβῶς,
518 1220 576 1270 τὰ
615 1223 655 1269 δ’
695 1223 742 1271 ἐν
783 1223 936 1274 αὑτοῖς
969 1221 1083 1274 ἰ’σως
1124 1224 1306 1270 διοικεῖν
1343 1219 1557 1285 μεγάλην
1590 1217 1775 1271 εἰκότως

190 1302 519 1366 31ἐκτήσαντο
559 1306 861 1367 εὐδαιμονίαν.
903 1304 1008 1354 τότε
1052 1303 1136 1367 μὲν
1177 1303 1232 1366 δὴ
1270 1309 1437 1353 τοῦτον
1477 1301 1559 1352 τὸν
1599 1301 1776 1368 τρόπον

259 1385 351 1453 εἶχε
387 1386 446 1436 τὰ
470 1386 730 1452 πράγματα
765 1389 962 1447 ἐκείνοις,
989 1386 1244 1453 χρωμένοις
1283 1386 1350 1439 οἷς
1386 1384 1514 1436 εἷπον
1551 1385 1768 1451 προστά-

258 1488 374 1522 ταις·
417 1472 541 1520 εἰνυνὶ
568 1469 617 1520 δὲ
642 1476 742 1523 πῶς
776 1471 918 1534 ὒὴμῖν
954 1470 1044 1521 ὑπὸ
1070 1474 1163 1520 τῶν
1188 1474 1413 1536 χρηστῶν
1447 1474 1565 1520 οτῶν
1602 1475 1683 1520 νῦν
1715 1468 1775 1519 τὰ

257 1552 517 1618 πράγματα
566 1554 695 1620 ε”χεις
765 1552 858 1619 ἆρά
906 1576 961 1618 γε
1012 1553 1213 1616 (Ῑὸμοίως
1264 1555 1340 1602 καὶ
1389 1554 1740 1618 παραπλησίως
1759 1559 1855 1614 336

257 1634 356 1687 θοῖς
396 1635 454 1685 τὰ
492 1636 577 1699 μὲν
618 1637 749 1687 ἄλλα
789 1641 970 1698 σιωπῶ,
1010 1634 1156 1687 πόλλ’
1204 1635 1261 1685 ἂν
1297 1635 1416 1702 ἔχων
1457 1639 1613 1686 εἰπεῖν·
1657 1637 1771 1684 ἀλλ’

257 1718 375 1782 ὅσης
411 1718 614 1773 ἅπαντες
651 1722 788 1786 ὁρᾶτε
822 1721 1010 1786 ἐρημίας
1045 1720 1386 1783 ἐπειλημμένοι,
1421 1722 1496 1770 καὶ
1535 1721 1766 1769 Λακεδαι-

255 1803 428 1864 μονίων
453 1802 539 1865 μὲν
560 1803 901 1863 ἀπολωλότων,
925 1804 1153 1866 Θηβαίων
1180 1804 1217 1852 δ’
1241 1802 1469 1869 ἀσχόλων
1489 1802 1650 1864 ὅντων,
1675 1807 1800 1854 τῶν5

257 1887 293 1934 δ’
336 1885 503 1936 ἄλλων
545 1885 729 1939 οὐδενὸς
779 1886 912 1940 ὄντος
963 1886 1192 1954 ἀξιόχρεω
1242 1888 1347 1951 περὶ
1390 1891 1484 1936 τῶν
1532 1887 1771 1951 πρωτείων

255 1965 382 2029 ἰὴμΐν
418 1967 777 2036 ἀντιτάξασθαι,
818 1970 957 2038 ἕέξὸν
1006 1971 1115 2032 ἡμῖν
1164 1972 1239 2020 καὶ
1291 1968 1351 2019 τὰ
1394 1969 1570 2036 ἡμέτερ’
1619 1971 1772 2020 αὐτῶν

255 2051 492 2117 ἀσφαλῶς
543 2051 662 2118 ἔχειν
711 2054 788 2102 καὶ
837 2052 897 2102 τὰ
945 2057 1040 2103 τῶν
1090 2053 1256 2102 ἄλλων
1306 2053 1460 2102 δίκαια
1507 2051 1770 2118 βραβεύειν,

970 2135 987 2163 h

186 2157 240 2198 32
255 2132 615 2199 ἀπεστερήμεθα
653 2134 739 2197 μὲν
775 2135 932 2202 χώρας
999 2136 1180 2193 οἰκείας,
1212 2135 1360 2186 πλείω
1393 2133 1487 2198 δ’ῗ]
1525 2136 1658 2201 χίλια
1694 2138 1770 2186 καὶ

254 2216 542 2267 πεντακόσια
584 2217 797 2269 τάλαντα
848 2218 1177 2283 ἰἀνηλώκαμεν
1224 2221 1286 2271 εἷς
1337 2216 1467 2268 οὐδὲν
1517 2217 1636 2275 δέον,
1689 2218 1768 2272 οὓς
1785 2243 1823 2264 10

308 2357 321 2377 S
343 2351 378 2384 ἐν
397 2363 468 2386 om.
489 2351 580 2386 A.Y.
698 2354 710 2378 t
731 2355 867 2386 τοιαῦτα
887 2355 938 2387 καὶ
959 2353 1127 2399 τοσαῦτα]
1152 2355 1303 2387 τοσαῦτα
1324 2354 1376 2386 καὶ
1396 2355 1534 2386 τοιαῦτα
1553 2354 1594 2387 Α.
1697 2359 1712 2375 “
1734 2353 1769 2387 ἐν

254 2415 327 2439 om.
345 2404 436 2437 F.S:
468 2405 572 2438 habet
593 2404 637 2439 Β.
786 2411 805 2430 X
827 2403 932 2451 οἶδεν]
957 2403 1044 2440 εἶδεν
1064 2407 1107 2441 Y.
1256 2411 1275 2438 Y
1295 2406 1479 2450 ἐπράττετο
1499 2405 1630 2451 αὐτοῖς]
1654 2406 1768 2441 αὐτοῖς

253 2456 438 2501 ἐπράττετο
457 2457 548 2492 A.Y.
571 2463 605 2491 et
626 2458 773 2504 Dionys·
902 2465 920 2483 Ζ
940 2461 1053 2503 αὔξειν
1071 2458 1230 2504 ἕκαστος]
1255 2459 1397 2493 ἕκαστος
1415 2459 1529 2502 αὔξειν
1547 2459 1659 2493 Aa.Y.
1691 2459 1765 2493 ἑκά-

1528 2521 1544 2538 U

253 2565 325 2585 στω
347 2551 425 2595 (sic)
447 2552 560 2595 αὔξειν
578 2552 620 2584 A.
750 2558 769 2578 a
789 2553 876 2599 νυνὶ]
902 2556 959 2587 νῦν
979 2554 1021 2587 Y.
1149 2550 1168 2577 b
1190 2553 1266 2597 ἡμῖν
1287 2553 1493 2587 B.S.O.U.V.
1524 2553 1601 2596 ἡμῖν
1620 2553 1658 2587 F.
1690 2554 1768 2598 ὑμῖν

252 2605 370 2650 vulgo.
468 2609 485 2628 θ
504 2608 571 2637 τῶν
590 2603 665 2649 νῦν]
689 2604 818 2639 τούτων
837 2607 926 2640 A.Y.
1020 2603 1039 2631 d
1059 2607 1182 2650 ὁμοίως
1201 2605 1270 2651 καὶ]
1295 2606 1416 2650 ὁμοίως
1436 2605 1454 2649 ἦ
1475 2606 1564 2640 A.Y.
1659 2612 1675 2631 e
1695 2604 1761 2652 οἷς]

251 2659 303 2692 καὶ
322 2657 411 2692 AX.
434 2663 468 2690 et
487 2657 604 2702 vulgO.
636 2656 764 2691 Omisit
784 2659 930 2705 Dionys.
1051 2657 1062 2680 f
1079 2658 1172 2704 ἡμῖν]
1198 2659 1274 2702 ὑμῖν
1292 2659 1381 2693 AX.
1492 2664 1513 2692 g
1532 2658 1626 2704 ἐξὸν]
1652 2660 1764 2705 Lege-

250 2712 353 2745 batur
373 2710 450 2754 ἐξὸν
469 2708 510 2743 δ’.
561 2710 772 2744 Particulam
792 2724 864 2747 om.
886 2712 1033 2758 Dionys.
1055 2725 1089 2757 p.
1113 2710 1223 2752 1018,
1249 2723 1282 2746 2.
1311 2712 1382 2754 (cui
1401 2718 1544 2753 temere,
1564 2718 1604 2746 ut
1624 2713 1701 2753 alia,
1722 2724 1765 2747 ex

251 2763 401 2809 vulgatis
425 2762 675 2796 Demosthenis
695 2764 907 2799 editionibus
927 2765 1121 2799 intulerunt
1141 2765 1306 2807 editores)
1328 2772 1363 2799 et
1382 2771 1567 2811 grammat.
1589 2765 1625 2798 in
1645 2765 1761 2800 Bekk.

250 2817 383 2851 Anecd.
406 2827 442 2860 p.
469 2813 554 2859 136,
585 2826 612 2849 1.
750 2814 770 2841 h
790 2817 927 2863 οἰκείας]
952 2817 1057 2853 οἷκιάς
1077 2818 1116 2852 F.
1147 2832 1202 2863 γρ.
1223 2819 1336 2862 χώρας
1354 2818 1458 2854 οἷκίας
1476 2830 1598 2863 margo
1619 2817 1662 2852 B.
1683 2829 1762 2852 cum

251 2870 298 2915 gl.
319 2871 378 2912 τῆς
396 2867 630 2912 ἆμφιπόλεως.
751 2866 760 2893 i
781 2869 1013 2916 ἀνηλώκαμεν]
1040 2871 1081 2904 In
1103 2871 1144 2904 B.
1167 2877 1201 2904 et
1221 2871 1277 2904 hic
1297 2877 1331 2905 et
1350 2871 1422 2904 fere
1442 2871 1570 2916 ubique
1590 2871 1760 2910 locorum,

250 2923 310 2956 ubi
348 2921 492 2955 verbum
538 2921 605 2954 hoc
643 2923 803 2963 occurrit,
842 2924 1116 2969 superscriptum
1154 2935 1258 2968 super
1294 2922 1316 2966 ἧ
1363 2929 1415 2958 est
1452 2938 1483 2964 α,
1523 2929 1583 2957 aut
1629 2929 1761 2957 contra.

252 2975 415 3009 REISK.
