1882 3250
34 177 185 224 —208‚
209 191 256 216 ιο.
579 179 724 216 ’ΥΠΕΡ
756 178 1251 216 ΜΕΓΑΛΟῙἹΟΛΙΤΩΝ.
1589 178 1669 215 221

157 288 295 352 ἔγωγ’
348 286 475 340 ἀδεὲς
531 290 659 337 τοῦθ’
711 285 1037 349 ὑπολαμβάνω
1087 290 1146 353 τῇ
1197 285 1348 347 πόλει,
1399 285 1453 336 τὸ
1505 291 1672 346 λαβεῖν

158 368 394 434 Μεγάλην
441 368 620 420 ΙΚπόλιν
675 369 1067 430 Λακεδαιμονίους
1123 370 1198 417 καὶ
1253 366 1401 418 πάλιν
1450 367 1671 432 γενέσθαι

155 450 406 516 μεγάλους.
469 453 562 517 ὁρῶ
601 450 694 516 γὰρ
733 450 898 503 αὐτοὺς
942 452 1016 499 καὶ
1054 449 1163 499 1νῦν
1202 450 1287 516 οὐχ
1328 448 1442 513 ὑπὲρ
1479 455 1562 499 τοῦ
1605 448 1670 512 μὴ
1686 475 1722 505 25

155 536 321 583 παθεῖν
343 554 388 581 τι
414 531 557 582 κακὸν
583 532 832 593 ωπόλεμον
859 531 1128 596 ἀραμένους,
1155 532 1265 580 ἀλλ’
1294 530 1408 596 ὑπὲρ
1434 535 1516 580 τοῦ
1542 531 1672 592 κομί-

155 617 338 663 σασθαι
375 613 461 677 τὴν
492 614 751 679 Ππρότερον
789 614 938 662 οὖσαν
964 614 1145 665 Οαὺτοῖς
1178 613 1388 675 δύναμιν·
1432 611 1496 662 ὧν
1523 614 1577 674 δ’,
1606 612 1670 662 ὅτ’

155 696 329 759 ἐκείνην
365 694 503 762 εἶχον,
543 696 788 761 ὠρέγοντο,
824 697 953 746 ταῦθ’
990 703 1008 730 Ρ
1027 697 1151 758 ὑμεῖς
1189 700 1379 757 μᾶλλον
1414 702 1433 729 q
1451 695 1566 747 ἴσως
1604 699 1669 745 εἰ-

156 778 285 832 δότες
310 778 338 843 ἦ
366 779 458 843 ἐγὼ
484 781 736 848 Γφοβοῖσθ
767 778 824 829 ἂν
850 778 1049 832 εἰκότως.

91 874 141 914 27
229 862 410 915 Ἡδέως
444 863 482 912 δ’
510 861 568 912 ἂν
601 864 835 926 πυθοίμην
869 867 994 912 Ξτῶν
1032 861 1272 927 λεγόντων
1310 864 1385 912 καὶ
1423 861 1529 915 τοῦς
1563 867 1669 927 Θη-

154 945 316 1004 βαίους
353 949 509 1007 μισεῖν
545 944 832 1012 φασκόντων
866 946 941 994 καὶ
978 943 1085 997 τοὺς
1116 946 1522 1007 Λακεδαιμονίους,
1550 945 1666 996 ἴπό-
1689 955 1767 995 208

155 1050 266 1092 τερα
300 1026 504 1093 ἑκάτεροι
540 1033 781 1090 μισοῦσιν,
809 1028 886 1081 οῦς
913 1027 969 1091 δὴ
998 1034 1238 1091 μισοῦσιν,
1267 1028 1380 1093 ὑπὲρ
1405 1030 1565 1090 “ὑμῶν
1597 1032 1672 1079 καὶ

154 1115 236 1160 τοῦ
274 1110 600 1178 συμφέροντος
637 1112 757 1173 ὑμῖν,
788 1109 817 1173 ἢ
851 1109 966 1176 ὑπὲρ
991 1109 1105 1173 Χμὲν
1130 1112 1536 1173 ῩΛακεδαιμονίων
1563 1116 1666 1175 Θη-

153 1194 328 1254 βαίους,
373 1192 487 1258 ὑπὲρ
531 1192 580 1242 δὲ
626 1193 853 1256 Θηβαίων
899 1194 1292 1255 Λακεδαιμονίους
1338 1193 1577 1259 ἑκάτεροι;
1634 1199 1671 1244 εἰ

153 1275 237 1340 μὲν
262 1275 354 1341 γὰρ
382 1276 496 1341 ὑπὲρ
522 1277 718 1336 ἐκείνων,
743 1276 995 1341 οὐδετέροις
1022 1278 1083 1328 ὡς
1109 1276 1401 1338 μαινομένοις
1426 1277 1701 1330 πείθεσθαι5

153 1357 397 1424 προσήκει·
441 1362 477 1408 εἰ
510 1359 547 1409 δ’
577 1358 690 1423 ὑπὲρ
717 1360 874 1421 Ζὑμῶν
901 1358 1130 1425 φήσουσι,
1157 1360 1205 1408 τί
1236 1359 1356 1424 πέρα
1391 1365 1472 1408 τοῦ
1509 1365 1671 1424 καιροῦ

93 1441 261 1495 2370135⁸
291 1442 506 1507 ῧὲτέρους
545 1443 849 1507 ἐπαίρουσινς
895 1441 996 1491 ε”στι
1034 1441 1140 1507 γὰρ,
1173 1442 1276 1491 ἔστι
1309 1442 1550 1504 Θηβαίους
1584 1465 1666 1491 τα-

154 1523 336 1578 πεινοὺς
371 1530 519 1576 ποιεῖν
554 1525 661 1574 ἄνευ
699 1530 782 1574 τοῦ
815 1526 1208 1588 Λακεδαιμονίους
1247 1523 1469 1590 ἰσχυροὺς
1503 1523 1666 1575 Ι)καθι-

154 1607 338 1670 στάναι,
389 1610 463 1657 καὶ
515 1607 673 1658 ὓπολύ
722 1630 774 1671 γε
824 1609 954 1675 ῥᾷον·
1014 1610 1076 1660 ὡς
1130 1609 1183 1668 δ’,
1236 1606 1328 1671 ἐγὼ
1386 1606 1672 1673 πειράσομαι

154 1690 273 1756 πρὸς
311 1693 427 1753 ὑμᾶς
465 1695 621 1741 εἰπεῖν.
677 1690 815 1752 ἰ’σμεν
855 1688 1055 1743 ἅπαντες
1092 1692 1234 1751 τοῦθ’,
1270 1690 1339 1740 ὅτι
1378 1690 1438 1740 τὰ
1475 1690 1560 1753 μὲν
1597 1692 1665 1741 δί-
1689 1715 1726 1735 10

155 1797 262 1824 καια
299 1774 483 1835 πάντες,
523 1773 602 1823 ἐὰν
640 1776 714 1824 καὶ
752 1774 817 1838 μὴ
856 1774 1137 1835 βούλωνται,
1175 1772 1193 1799 ‘¹
1205 1774 1342 1839 μέχρι
1379 1774 1462 1823 τού
1499 1797 1554 1839 γε
1593 1778 1662 1824 αἱ·

3 1859 6 1899 Ι
156 1857 412 1923 σχύνονται
465 1856 530 1920 μὴ
580 1856 814 1922 πράττειν,
865 1862 960 1910 τοῖς
1012 1859 1053 1906 δ’
1101 1858 1306 1909 Εάδίκοις
1358 1860 1671 1908 ἐναντιοῦνται

1 1905 6 2004 ,Ι
158 1944 383 2007 φανερῶς,
429 1940 591 1992 ἄλλως
635 1961 685 1989 τε
736 1939 823 1989 κὸἷν
867 1962 986 1992 τινες
1030 1940 1354 1999 βλάπτωνται·
1410 1942 1485 1990 καὶ
1531 1947 1671 1991 τοῦτο

0 2012 5 2100 J
157 2020 523 2083 ‘Avsmtvb'uevov
559 2022 696 2072 πάνθ’
731 2021 1005 2087 εὑρήσομεν,
1043 2025 1116 2073 καὶ
1155 2022 1329 2087 ταύτην
1363 2023 1550 2090 ἕάρχὴν
1586 2025 1663 2074 οῦ·
1687 2047 1722 2077 15

155 2128 250 2155 σαν
300 2104 525 2155 11πάντων
574 2110 668 2155 τῶν
718 2110 886 2167 κακῶν,
938 2105 992 2156 τὸ
1043 2105 1108 2168 μὴ
1159 2105 1358 2156 ἰέθέλειν
1409 2105 1467 2156 τὰ
1518 2107 1670 2157 δίκαια

0 2254 3 2354 y
210 2290 231 2317 k
250 2293 352 2327 πόλιν
371 2305 440 2327 om.
463 2293 506 2327 O.
594 2291 604 2318 Ῑ
626 2295 684 2326 νῦν
704 2294 786 2327 A.S.
818 2295 889 2327 νυνὶ
907 2295 1025 2340 vulgo.
1121 2300 1151 2319 Π]
1171 2296 1323 2338 πόλεμον
1342 2294 1543 2340 ἀραμένους]
1568 2297 1672 2329 πολε-

0 2370 1 2392 ;
156 2348 229 2390 μεῖν
249 2347 464 2391 αἱρουμένους
483 2347 566 2380 A.S.
588 2353 623 2380 et
643 2358 747 2392 supra
766 2359 904 2381 versum
926 2348 968 2382 Y.
1081 2353 1101 2372 ¹²
1124 2348 1306 2393 πρότερον]
1331 2348 1498 2393 προτέραν
1519 2349 1556 2382 S.
1585 2349 1668 2393 πρό-

0 2393 1 2410 ¹
156 2401 253 2444 τερόν
271 2413 354 2433 ποτε
373 2400 414 2432 Α.
436 2414 490 2445 γρ.
507 2400 549 2433 Y.
661 2405 679 2424 0
699 2399 813 2435 αὑτοῖς
835 2400 869 2434 S.
901 2402 1031 2436 ἑαυτοῖς
1050 2401 1167 2446 vulgo.
1289 2407 1307 2434 P
1329 2400 1438 2446 ὑμεῖς]
1464 2401 1541 2444 ὑμῖν
1561 2413 1612 2446 pr.
1636 2401 1671 2434 S.

157 2457 177 2484 q
195 2450 279 2487 ’ἴσως
299 2464 367 2486 om.
389 2452 433 2485 O.
546 2458 560 2476 Γ
579 2451 763 2498 φοβοῖσθ’]
789 2452 951 2497 φοβεισθ’
975 2454 1010 2488 S.
1123 2459 1137 2478 S
1158 2453 1242 2498 τῶν]
1268 2455 1320 2487 καὶ
1340 2457 1407 2487 τῶν
1428 2454 1513 2487 F.Y.
1548 2459 1569 2473 “
1582 2453 1673 2487 Mihi

156 2505 254 2538 locus
281 2505 328 2538 Sic
350 2505 574 2550 refingendus
594 2506 730 2539 videtur
748 2505 878 2541 Ἡδέως
900 2505 929 2539 δ’
948 2505 988 2540 ἂν
1010 2506 1177 2550 πυθοίμην
1202 2508 1254 2540 καὶ
1277 2509 1344 2540 τῶν
1365 2505 1536 2549 Θηβαίους
1561 2508 1674 2549 μισεῖν

158 2559 362 2601 φασκόντων
381 2559 433 2591 καὶ
453 2562 519 2591 τῶν
539 2559 856 2602 Αακεδαιμονιόυς.”
883 2559 1066 2593 SCHAEF.
1179 2558 1193 2584 t
1212 2559 1356 2604 πότερα]
1381 2561 1507 2604 πότερα
1527 2560 1566 2603 δὴ
1588 2559 1672 2592 F.Y.

160 2610 241 2645 ΟΝ.
316 2616 337 2635 ¹1
356 2611 463 2656 ὑμῶν]
488 2611 580 2654 ἡμῶν
600 2613 641 2644 A.
727 2617 746 2635 Χ
767 2612 828 2655 μέν
847 2612 987 2657 Λακεδ.]
1012 2612 1126 2646 λακεδ.
1148 2613 1209 2655 μὲν
1230 2613 1265 2646 S.
1351 2618 1370 2645 Y
1390 2618 1429 2645 A.
1448 2617 1588 2645 6.-6.
1611 2611 1668 2657 Λ.]

159 2663 190 2697 θ.
211 2665 334 2697 λ.-λ.
357 2665 387 2698 θ,
409 2665 451 2697 A.
527 2670 545 2688 Ζ
567 2664 675 2709 ὑμῶν]
700 2663 792 2707 ἡμῶν
811 2677 842 2697 v.
919 2670 938 2688 a
957 2664 1109 2710 ἑτέρους]
1135 2664 1286 2709 ἑταίρους
1306 2677 1338 2698 V.
1413 2661 1432 2689 b
1453 2664 1668 2710 καθιστάναι]

158 2716 359 2750 καθεστάναι
378 2729 430 2762 pr.
451 2729 483 2750 v.
581 2722 597 2740 θ
617 2716 725 2762 πολύ]
751 2717 838 2750 πάνυ
858 2717 1029 2751 F.Y.O.v.
1126 2714 1145 2741 d
1164 2718 1263 2761 μέχρι
1281 2720 1342 2750 τοῦ
1365 2718 1399 2751 S.
1429 2716 1529 2762 μέχρι
1549 2716 1674 2751 τούτου

159 2769 370 2803 A.F.Y.O.v.
493 2775 508 2794 θ
527 2769 653 2805 ἀδίκοις
672 2770 758 2804 A.S.
800 2770 1000 2815 Legebatur
1018 2769 1206 2810 ἀδικοῦσιν,
1227 2770 1377 2804 lectione
1397 2771 1440 2804 ab
1460 2770 1600 2804 librario
1620 2770 1673 2804 in-

159 2822 342 2867 terpolata,
363 2823 421 2868 qui
445 2822 581 2863 ἀδίκοις,
602 2823 697 2867 quod
723 2823 860 2868 generis
888 2823 1046 2856 neutrius
1076 2828 1140 2863 est,
1167 2835 1231 2868 pro
1257 2823 1451 2857 masculino
1479 2823 1671 2857 habuisset.

159 2871 176 2898 f
190 2876 435 2918 λυμαινόμενον
456 2875 540 2909 S.O.
580 2876 779 2921 Legebatur
798 2876 837 2909 τὸ
856 2877 1113 2919 λυμαινόμενον.
1235 2881 1256 2910 g
1275 2875 1399 2922 ἀρχὴν]
1423 2876 1484 2920 τὴν
1503 2875 1611 2921 ἀρχὴν
1630 2876 1672 2911 Y.

159 2923 179 2950 ¹¹
199 2927 349 2972 πάντων]
373 2927 528 2962 ἁπάντων
549 2928 593 2962 Ο.
705 2925 715 2952 5
736 2929 864 2963 ἐθέλειν
886 2929 920 2963 S.
951 2930 1063 2963 θέλειν
1082 2929 1198 2974 vulgo.
