<?xml version="1.0" encoding="UTF-8"?>
<!DOCTYPE html PUBLIC "-//W3C//DTD XHTML 1.0 Transitional//EN"
    "http://www.w3.org/TR/xhtml1/DTD/xhtml1-transitional.dtd">
<html xmlns="http://www.w3.org/1999/xhtml" xml:lang="en" lang="en">
 <head>
  <title>
</title>
<meta http-equiv="Content-Type" content="text/html;charset=utf-8" />
  <meta name='ocr-system' content='tesseract 3.04.00' />
  <meta name='ocr-capabilities' content='ocr_page ocr_carea ocr_par ocr_line ocrx_word'/>
</head>
<body>
  <div class='ocr_page' id='page_1' title='image "./operaexrecension01demouoft_0345.png"; bbox 0 0 1930 3266; ppageno 0'>
   <div class='ocr_carea' id='block_1_1' title="bbox 19 185 1653 238">
    <p class='ocr_par' dir='ltr' id='par_1_1' title="bbox 19 185 1653 238">
     <span class='ocr_line' id='line_1_1' title="bbox 19 185 1653 238; baseline 0.002 -15"><span class='ocrx_word' id='word_1_1' title='bbox 19 196 171 238; x_wconf 83' lang='lat'><em>-301,</em></span> <span class='ocrx_word' id='word_1_2' title='bbox 189 199 242 223; x_wconf 63' lang='grc' dir='ltr'>ρο.</span> <span class='ocrx_word' id='word_1_3' title='bbox 601 186 728 223; x_wconf 91' lang='grc' dir='ltr'>ΠΕΡΙ</span> <span class='ocrx_word' id='word_1_4' title='bbox 758 185 868 223; x_wconf 76' lang='grc' dir='ltr'>ΤΟΥ</span> <span class='ocrx_word' id='word_1_5' title='bbox 898 185 1205 223; x_wconf 76' lang='grc' dir='ltr'><strong>ΣΤΕΦΑΝΟὙ.</strong></span> <span class='ocrx_word' id='word_1_6' title='bbox 1570 186 1653 226; x_wconf 79' lang='lat'>315</span> 
     </span>
    </p>
   </div>
   <div class='ocr_carea' id='block_1_2' title="bbox 45 293 1742 2373">
    <p class='ocr_par' dir='ltr' id='par_1_2' title="bbox 138 293 1703 446">
     <span class='ocr_line' id='line_1_2' title="bbox 139 293 1653 360; baseline 0 -14"><span class='ocrx_word' id='word_1_7' title='bbox 139 297 213 346; x_wconf 74' lang='grc' dir='ltr'>καὶ</span> <span class='ocrx_word' id='word_1_8' title='bbox 256 295 456 346; x_wconf 87' lang='grc' dir='ltr'>ε’παίνων</span> <span class='ocrx_word' id='word_1_9' title='bbox 495 293 550 357; x_wconf 60' lang='grc' dir='ltr'>Ῑή</span> <span class='ocrx_word' id='word_1_10' title='bbox 595 295 735 347; x_wconf 89' lang='grc' dir='ltr'>πόλις</span> <span class='ocrx_word' id='word_1_11' title='bbox 778 294 834 358; x_wconf 81' lang='grc' dir='ltr'>ἧν</span> <span class='ocrx_word' id='word_1_12' title='bbox 883 293 1049 358; x_wconf 84' lang='grc' dir='ltr'>μεστὴ,</span> <span class='ocrx_word' id='word_1_13' title='bbox 1094 293 1294 360; x_wconf 87' lang='grc' dir='ltr'>πότερον</span> <span class='ocrx_word' id='word_1_14' title='bbox 1338 296 1532 345; x_wconf 76' lang='grc' dir='ltr'>συνέθυε</span> <span class='ocrx_word' id='word_1_15' title='bbox 1578 300 1653 346; x_wconf 82' lang='grc' dir='ltr'>καὶ</span> 
     </span>
     <span class='ocr_line' id='line_1_3' title="bbox 138 375 1703 446; baseline 0.003 -18"><span class='ocrx_word' id='word_1_16' title='bbox 138 379 502 446; x_wconf 84' lang='grc' dir='ltr'>συνευφραίνετο</span> <span class='ocrx_word' id='word_1_17' title='bbox 553 382 648 430; x_wconf 83' lang='grc' dir='ltr'>τοῖς</span> <span class='ocrx_word' id='word_1_18' title='bbox 691 382 904 439; x_wconf 79' lang='grc' dir='ltr'>πολλοῖς,</span> <span class='ocrx_word' id='word_1_19' title='bbox 944 375 972 440; x_wconf 84' lang='grc' dir='ltr'>ἢ</span> <span class='ocrx_word' id='word_1_20' title='bbox 1014 377 1306 440; x_wconf 80' lang='grc' dir='ltr'>λυπούμενος</span> <span class='ocrx_word' id='word_1_21' title='bbox 1351 380 1426 427; x_wconf 74' lang='grc' dir='ltr'>καὶ</span> <span class='ocrx_word' id='word_1_22' title='bbox 1471 379 1652 429; x_wconf 86' lang='grc' dir='ltr'>στένων</span> <span class='ocrx_word' id='word_1_23' title='bbox 1666 402 1703 432; x_wconf 78' lang='lat'>25</span> 
     </span>
    </p>

    <p class='ocr_par' dir='ltr' id='par_1_3' title="bbox 45 461 1742 1114">
     <span class='ocr_line' id='line_1_4' title="bbox 45 461 1650 525; baseline 0.001 -15"><span class='ocrx_word' id='word_1_24' title='bbox 45 469 128 522; x_wconf 85' lang='lat'>276</span> <span class='ocrx_word' id='word_1_25' title='bbox 139 463 214 513; x_wconf 79' lang='grc' dir='ltr'>καὶ</span> <span class='ocrx_word' id='word_1_26' title='bbox 240 462 559 524; x_wconf 84' lang='grc' dir='ltr'>δυσμεναίνων</span> <span class='ocrx_word' id='word_1_27' title='bbox 585 466 722 514; x_wconf 45' lang='grc' dir='ltr'>ΙΙἸτοῖς</span> <span class='ocrx_word' id='word_1_28' title='bbox 761 466 928 513; x_wconf 78' lang='grc' dir='ltr'>κοινοῖς</span> <span class='ocrx_word' id='word_1_29' title='bbox 962 462 1154 525; x_wconf 79' lang='grc' dir='ltr'>ἀγαθοῖς</span> <span class='ocrx_word' id='word_1_30' title='bbox 1191 461 1305 511; x_wconf 83' lang='grc' dir='ltr'>οἴκοι</span> <span class='ocrx_word' id='word_1_31' title='bbox 1337 464 1573 524; x_wconf 76' lang='grc' dir='ltr'>Πκαθῆτο;</span> <span class='ocrx_word' id='word_1_32' title='bbox 1615 467 1650 511; x_wconf 80' lang='grc' dir='ltr'>εἰ</span> 
     </span>
     <span class='ocr_line' id='line_1_5' title="bbox 137 543 1651 612; baseline -0.001 -16"><span class='ocrx_word' id='word_1_33' title='bbox 137 544 221 609; x_wconf 77' lang='grc' dir='ltr'>μὲν</span> <span class='ocrx_word' id='word_1_34' title='bbox 256 544 349 611; x_wconf 80' lang='grc' dir='ltr'>γὰρ</span> <span class='ocrx_word' id='word_1_35' title='bbox 382 549 536 611; x_wconf 85' lang='grc' dir='ltr'>παρῆν</span> <span class='ocrx_word' id='word_1_36' title='bbox 575 548 649 595; x_wconf 84' lang='grc' dir='ltr'>καὶ</span> <span class='ocrx_word' id='word_1_37' title='bbox 686 544 803 607; x_wconf 82' lang='grc' dir='ltr'>μετὰ</span> <span class='ocrx_word' id='word_1_38' title='bbox 839 549 932 594; x_wconf 81' lang='grc' dir='ltr'>τῶν</span> <span class='ocrx_word' id='word_1_39' title='bbox 969 544 1134 594; x_wconf 77' lang='grc' dir='ltr'>ἄλλων</span> <span class='ocrx_word' id='word_1_40' title='bbox 1173 543 1431 612; x_wconf 74' lang='grc' dir='ltr'>ἐξητάζετο,</span> <span class='ocrx_word' id='word_1_41' title='bbox 1465 549 1565 598; x_wconf 82' lang='grc' dir='ltr'>πῶς</span> <span class='ocrx_word' id='word_1_42' title='bbox 1599 547 1651 594; x_wconf 80' lang='grc' dir='ltr'>οὐ</span> 
     </span>
     <span class='ocr_line' id='line_1_6' title="bbox 138 625 1652 693; baseline -0.001 -13"><span class='ocrx_word' id='word_1_43' title='bbox 138 628 262 680; x_wconf 79' lang='grc' dir='ltr'>δεινὰ</span> <span class='ocrx_word' id='word_1_44' title='bbox 305 634 438 691; x_wconf 79' lang='grc' dir='ltr'>ποιεῖ,</span> <span class='ocrx_word' id='word_1_45' title='bbox 481 634 670 692; x_wconf 85' lang='grc' dir='ltr'>μᾶλλον</span> <span class='ocrx_word' id='word_1_46' title='bbox 709 630 746 679; x_wconf 84' lang='grc' dir='ltr'>δ’</span> <span class='ocrx_word' id='word_1_47' title='bbox 788 629 881 679; x_wconf 81' lang='grc' dir='ltr'>οὐδ’</span> <span class='ocrx_word' id='word_1_48' title='bbox 924 628 1047 689; x_wconf 77' lang='grc' dir='ltr'>ὅσια,</span> <span class='ocrx_word' id='word_1_49' title='bbox 1087 633 1124 678; x_wconf 82' lang='grc' dir='ltr'>εὶ</span> <span class='ocrx_word' id='word_1_50' title='bbox 1169 625 1233 677; x_wconf 79' lang='grc' dir='ltr'>ὧν</span> <span class='ocrx_word' id='word_1_51' title='bbox 1272 630 1369 680; x_wconf 65' lang='grc' dir='ltr'>θὼς</span> <span class='ocrx_word' id='word_1_52' title='bbox 1407 628 1652 693; x_wconf 74' lang='grc' dir='ltr'>Ράρίστων</span> 
     </span>
     <span class='ocr_line' id='line_1_7' title="bbox 138 710 1645 777; baseline -0.001 -15"><span class='ocrx_word' id='word_1_53' title='bbox 138 711 275 766; x_wconf 80' lang='grc' dir='ltr'>αὐτὸς</span> <span class='ocrx_word' id='word_1_54' title='bbox 299 712 404 765; x_wconf 75' lang='grc' dir='ltr'>τοὺς</span> <span class='ocrx_word' id='word_1_55' title='bbox 432 711 562 764; x_wconf 73' lang='grc' dir='ltr'>θεοὺς</span> <span class='ocrx_word' id='word_1_56' title='bbox 588 710 845 775; x_wconf 86' lang='grc' dir='ltr'>ἐποιήσατο</span> <span class='ocrx_word' id='word_1_57' title='bbox 877 710 1128 777; x_wconf 81' lang='grc' dir='ltr'>μάρτυρας,</span> <span class='ocrx_word' id='word_1_58' title='bbox 1155 714 1287 762; x_wconf 84' lang='grc' dir='ltr'>ταῦθ’</span> <span class='ocrx_word' id='word_1_59' title='bbox 1317 714 1378 764; x_wconf 89' lang='grc' dir='ltr'>ὡς</span> <span class='ocrx_word' id='word_1_60' title='bbox 1405 712 1486 761; x_wconf 81' lang='grc' dir='ltr'>οὐκ</span> <span class='ocrx_word' id='word_1_61' title='bbox 1514 711 1645 777; x_wconf 54' lang='grc' dir='ltr'>(ὶόίρι-</span> 
     </span>
     <span class='ocr_line' id='line_1_8' title="bbox 137 793 1742 871; baseline -0.001 -26"><span class='ocrx_word' id='word_1_62' title='bbox 137 818 232 846; x_wconf 91' lang='grc' dir='ltr'>στα</span> <span class='ocrx_word' id='word_1_63' title='bbox 270 801 352 846; x_wconf 83' lang='grc' dir='ltr'>νῦν</span> <span class='ocrx_word' id='word_1_64' title='bbox 392 797 508 858; x_wconf 81' lang='grc' dir='ltr'>ὑμᾶς</span> <span class='ocrx_word' id='word_1_65' title='bbox 543 796 669 863; x_wconf 74' lang='grc' dir='ltr'>ἀξιοῖ</span> <span class='ocrx_word' id='word_1_66' title='bbox 702 797 1019 863; x_wconf 73' lang='grc' dir='ltr'>ψηφίσασθαι</span> <span class='ocrx_word' id='word_1_67' title='bbox 1057 794 1164 847; x_wconf 78' lang='grc' dir='ltr'>τοὺς</span> <span class='ocrx_word' id='word_1_68' title='bbox 1202 794 1505 871; x_wconf 81' lang='grc' dir='ltr'>ὀμωμοκότας</span> <span class='ocrx_word' id='word_1_69' title='bbox 1544 793 1650 848; x_wconf 74' lang='grc' dir='ltr'>τοὺς</span> <span class='ocrx_word' id='word_1_70' title='bbox 1663 817 1742 857; x_wconf 80' lang='lat'>301</span> 
     </span>
     <span class='ocr_line' id='line_1_9' title="bbox 138 877 1650 944; baseline 0.001 -14"><span class='ocrx_word' id='word_1_71' title='bbox 138 878 298 938; x_wconf 77' lang='grc' dir='ltr'>θεούς;</span> <span class='ocrx_word' id='word_1_72' title='bbox 349 883 385 929; x_wconf 84' lang='grc' dir='ltr'>εὶ</span> <span class='ocrx_word' id='word_1_73' title='bbox 424 878 473 928; x_wconf 79' lang='grc' dir='ltr'>δὲ</span> <span class='ocrx_word' id='word_1_74' title='bbox 510 877 574 941; x_wconf 86' lang='grc' dir='ltr'>μὴ</span> <span class='ocrx_word' id='word_1_75' title='bbox 612 882 780 944; x_wconf 83' lang='grc' dir='ltr'>παρῆν,</span> <span class='ocrx_word' id='word_1_76' title='bbox 818 884 918 932; x_wconf 82' lang='grc' dir='ltr'>πῶς</span> <span class='ocrx_word' id='word_1_77' title='bbox 957 880 1038 929; x_wconf 82' lang='grc' dir='ltr'>οὐκ</span> <span class='ocrx_word' id='word_1_78' title='bbox 1077 878 1378 929; x_wconf 77' lang='grc' dir='ltr'>ἀπολωλέναι</span> <span class='ocrx_word' id='word_1_79' title='bbox 1415 880 1650 932; x_wconf 82' lang='grc' dir='ltr'>πολλάκις</span> 
     </span>
     <span class='ocr_line' id='line_1_10' title="bbox 137 961 1651 1029; baseline 0 -16"><span class='ocrx_word' id='word_1_80' title='bbox 137 964 239 1013; x_wconf 82' lang='grc' dir='ltr'>ἐστὶ</span> <span class='ocrx_word' id='word_1_81' title='bbox 271 963 454 1023; x_wconf 85' lang='grc' dir='ltr'>δίκαιος,</span> <span class='ocrx_word' id='word_1_82' title='bbox 482 966 519 1012; x_wconf 82' lang='grc' dir='ltr'>εὶ</span> <span class='ocrx_word' id='word_1_83' title='bbox 554 963 624 1029; x_wconf 82' lang='grc' dir='ltr'>ἐφ’</span> <span class='ocrx_word' id='word_1_84' title='bbox 654 961 719 1015; x_wconf 78' lang='grc' dir='ltr'>οἷς</span> <span class='ocrx_word' id='word_1_85' title='bbox 755 963 940 1029; x_wconf 78' lang='grc' dir='ltr'>ἔχαιρον</span> <span class='ocrx_word' id='word_1_86' title='bbox 977 967 1019 1012; x_wconf 81' lang='grc' dir='ltr'>οἱ</span> <span class='ocrx_word' id='word_1_87' title='bbox 1058 963 1214 1024; x_wconf 80' lang='grc' dir='ltr'>ἄλλοι,</span> <span class='ocrx_word' id='word_1_88' title='bbox 1251 968 1399 1013; x_wconf 79' lang='grc' dir='ltr'>ταῦτα</span> <span class='ocrx_word' id='word_1_89' title='bbox 1437 964 1651 1013; x_wconf 83' lang='grc' dir='ltr'>ἐλυπεῖτο</span> 
     </span>
     <span class='ocr_line' id='line_1_11' title="bbox 137 1045 1335 1114; baseline 0 -18"><span class='ocrx_word' id='word_1_90' title='bbox 137 1047 288 1112; x_wconf 74' lang='grc' dir='ltr'>ὁρῶνς</span> <span class='ocrx_word' id='word_1_91' title='bbox 330 1046 452 1111; x_wconf 88' lang='grc' dir='ltr'>Λέγε</span> <span class='ocrx_word' id='word_1_92' title='bbox 478 1045 533 1110; x_wconf 86' lang='grc' dir='ltr'>δὴ</span> <span class='ocrx_word' id='word_1_93' title='bbox 561 1049 636 1096; x_wconf 79' lang='grc' dir='ltr'>καὶ</span> <span class='ocrx_word' id='word_1_94' title='bbox 663 1052 810 1096; x_wconf 79' lang='grc' dir='ltr'>ταῦτα</span> <span class='ocrx_word' id='word_1_95' title='bbox 835 1046 893 1096; x_wconf 80' lang='grc' dir='ltr'>τὰ</span> <span class='ocrx_word' id='word_1_96' title='bbox 919 1046 1217 1114; x_wconf 76' lang='grc' dir='ltr'>ψηφίσματά</span> <span class='ocrx_word' id='word_1_97' title='bbox 1241 1068 1335 1108; x_wconf 90' lang='grc' dir='ltr'>μοι.</span> 
     </span>
    </p>

    <p class='ocr_par' dir='ltr' id='par_1_4' title="bbox 568 1151 1678 1198">
     <span class='ocr_line' id='line_1_12' title="bbox 568 1151 1678 1198; baseline -0.001 -7"><span class='ocrx_word' id='word_1_98' title='bbox 568 1151 951 1191; x_wconf 63' lang='lat' dir='ltr'>rWHspIEMATA</span> <span class='ocrx_word' id='word_1_99' title='bbox 988 1151 1219 1191; x_wconf 67' lang='grc' dir='ltr'>ΘΥΣΙΩΝ.</span> <span class='ocrx_word' id='word_1_100' title='bbox 1663 1169 1678 1198; x_wconf 91' lang='lat'>5</span> 
     </span>
    </p>

    <p class='ocr_par' dir='ltr' id='par_1_5' title="bbox 47 1220 1700 1789">
     <span class='ocr_line' id='line_1_13' title="bbox 47 1220 1651 1285; baseline 0.003 -16"><span class='ocrx_word' id='word_1_101' title='bbox 47 1238 123 1280; x_wconf 85' lang='lat'>277</span> <span class='ocrx_word' id='word_1_102' title='bbox 212 1223 398 1273; x_wconf 82' lang='grc' dir='ltr'>Οὐκοῦν</span> <span class='ocrx_word' id='word_1_103' title='bbox 434 1223 559 1285; x_wconf 80' lang='grc' dir='ltr'>ἡμεῖς</span> <span class='ocrx_word' id='word_1_104' title='bbox 597 1221 681 1283; x_wconf 72' lang='grc' dir='ltr'>μὲν</span> <span class='ocrx_word' id='word_1_105' title='bbox 715 1224 763 1272; x_wconf 86' lang='grc' dir='ltr'>ἐν</span> <span class='ocrx_word' id='word_1_106' title='bbox 799 1223 981 1274; x_wconf 86' lang='grc' dir='ltr'>θυσίαις</span> <span class='ocrx_word' id='word_1_107' title='bbox 1012 1220 1128 1285; x_wconf 76' lang='grc' dir='ltr'>ἦμεν</span> <span class='ocrx_word' id='word_1_108' title='bbox 1154 1221 1271 1283; x_wconf 86' lang='grc' dir='ltr'>τότε,</span> <span class='ocrx_word' id='word_1_109' title='bbox 1299 1226 1505 1285; x_wconf 77' lang='grc' dir='ltr'>Θηβαῖοι</span> <span class='ocrx_word' id='word_1_110' title='bbox 1537 1225 1575 1272; x_wconf 86' lang='grc' dir='ltr'>δ’</span> <span class='ocrx_word' id='word_1_111' title='bbox 1603 1225 1651 1274; x_wconf 85' lang='grc' dir='ltr'>ἐν</span> 
     </span>
     <span class='ocr_line' id='line_1_14' title="bbox 136 1304 1647 1374; baseline 0.001 -18"><span class='ocrx_word' id='word_1_112' title='bbox 136 1309 201 1374; x_wconf 73' lang='grc' dir='ltr'>τῷ</span> <span class='ocrx_word' id='word_1_113' title='bbox 241 1306 294 1356; x_wconf 87' lang='grc' dir='ltr'>δι’</span> <span class='ocrx_word' id='word_1_114' title='bbox 337 1306 456 1369; x_wconf 83' lang='grc' dir='ltr'>ἡμᾶς</span> <span class='ocrx_word' id='word_1_115' title='bbox 500 1309 751 1356; x_wconf 80' lang='grc' dir='ltr'>σεσῶσθαι</span> <span class='ocrx_word' id='word_1_116' title='bbox 797 1304 1006 1369; x_wconf 74' lang='grc' dir='ltr'>νομίζειν,</span> <span class='ocrx_word' id='word_1_117' title='bbox 1053 1308 1127 1355; x_wconf 78' lang='grc' dir='ltr'>καὶ</span> <span class='ocrx_word' id='word_1_118' title='bbox 1170 1305 1479 1371; x_wconf 87' lang='grc' dir='ltr'>περιειστήκει</span> <span class='ocrx_word' id='word_1_119' title='bbox 1525 1312 1647 1359; x_wconf 74' lang='grc' dir='ltr'>Ξτοῖς</span> 
     </span>
     <span class='ocr_line' id='line_1_15' title="bbox 134 1387 1650 1454; baseline -0.001 -14"><span class='ocrx_word' id='word_1_120' title='bbox 134 1390 350 1453; x_wconf 82' lang='grc' dir='ltr'>βοηθείας</span> <span class='ocrx_word' id='word_1_121' title='bbox 378 1389 632 1453; x_wconf 84' lang='grc' dir='ltr'>δεήσεσθαι</span> <span class='ocrx_word' id='word_1_122' title='bbox 657 1389 899 1439; x_wconf 72' lang='grc' dir='ltr'>ῒδοκοῦσιν</span> <span class='ocrx_word' id='word_1_123' title='bbox 925 1390 1009 1454; x_wconf 82' lang='grc' dir='ltr'>ἀφ’</span> <span class='ocrx_word' id='word_1_124' title='bbox 1032 1387 1096 1438; x_wconf 77' lang='grc' dir='ltr'>ὧν</span> <span class='ocrx_word' id='word_1_125' title='bbox 1124 1388 1354 1454; x_wconf 76' lang='grc' dir='ltr'>ἔπραττον</span> <span class='ocrx_word' id='word_1_126' title='bbox 1381 1389 1518 1451; x_wconf 76' lang='grc' dir='ltr'>οὗτοι,</span> <span class='ocrx_word' id='word_1_127' title='bbox 1540 1391 1650 1440; x_wconf 64' lang='lat' dir='ltr'>uas)-</span> 
     </span>
     <span class='ocr_line' id='line_1_16' title="bbox 135 1470 1700 1539; baseline 0 -16"><span class='ocrx_word' id='word_1_128' title='bbox 135 1471 240 1526; x_wconf 75' lang='grc' dir='ltr'>τοὺς</span> <span class='ocrx_word' id='word_1_129' title='bbox 265 1476 456 1536; x_wconf 80' lang='grc' dir='ltr'>βοηθεῖν</span> <span class='ocrx_word' id='word_1_130' title='bbox 482 1472 650 1537; x_wconf 85' lang='grc' dir='ltr'>ἑτέροις</span> <span class='ocrx_word' id='word_1_131' title='bbox 675 1471 731 1539; x_wconf 74' lang='grc' dir='ltr'>ἐξ</span> <span class='ocrx_word' id='word_1_132' title='bbox 752 1470 816 1520; x_wconf 76' lang='grc' dir='ltr'>ὧν</span> <span class='ocrx_word' id='word_1_133' title='bbox 841 1472 1080 1535; x_wconf 83' lang='grc' dir='ltr'>ἐπείσθητ’</span> <span class='ocrx_word' id='word_1_134' title='bbox 1107 1473 1218 1534; x_wconf 80' lang='grc' dir='ltr'>ε’μοί.</span> <span class='ocrx_word' id='word_1_135' title='bbox 1272 1471 1402 1521; x_wconf 79' lang='grc' dir='ltr'>ἀλλὰ</span> <span class='ocrx_word' id='word_1_136' title='bbox 1431 1471 1524 1536; x_wconf 88' lang='grc' dir='ltr'>μὴν</span> <span class='ocrx_word' id='word_1_137' title='bbox 1551 1473 1647 1527; x_wconf 81' lang='grc' dir='ltr'>οἵας</span> <span class='ocrx_word' id='word_1_138' title='bbox 1664 1503 1700 1523; x_wconf 78' lang='lat'>10</span> 
     </span>
     <span class='ocr_line' id='line_1_17' title="bbox 134 1554 1650 1624; baseline 0.001 -18"><span class='ocrx_word' id='word_1_139' title='bbox 134 1554 230 1606; x_wconf 84' lang='grc' dir='ltr'>τότ’</span> <span class='ocrx_word' id='word_1_140' title='bbox 268 1556 393 1624; x_wconf 87' lang='grc' dir='ltr'>ἠφίει</span> <span class='ocrx_word' id='word_1_141' title='bbox 432 1555 591 1621; x_wconf 79' lang='grc' dir='ltr'>φωνὰς</span> <span class='ocrx_word' id='word_1_142' title='bbox 631 1557 655 1605; x_wconf 89' lang='grc' dir='ltr'><em>ὁ</em></span> <span class='ocrx_word' id='word_1_143' title='bbox 696 1556 936 1609; x_wconf 86' lang='grc' dir='ltr'>Φίλιππος</span> <span class='ocrx_word' id='word_1_144' title='bbox 975 1559 1049 1606; x_wconf 80' lang='grc' dir='ltr'>καὶ</span> <span class='ocrx_word' id='word_1_145' title='bbox 1091 1558 1139 1606; x_wconf 83' lang='grc' dir='ltr'>ἐν</span> <span class='ocrx_word' id='word_1_146' title='bbox 1177 1557 1292 1609; x_wconf 81' lang='grc' dir='ltr'>οἵαις</span> <span class='ocrx_word' id='word_1_147' title='bbox 1330 1555 1387 1620; x_wconf 78' lang='grc' dir='ltr'>ἧν</span> <span class='ocrx_word' id='word_1_148' title='bbox 1424 1562 1650 1624; x_wconf 82' lang='grc' dir='ltr'>ταραχαῖς</span> 
     </span>
     <span class='ocr_line' id='line_1_18' title="bbox 135 1639 1650 1703; baseline 0 -12"><span class='ocrx_word' id='word_1_149' title='bbox 135 1642 209 1691; x_wconf 78' lang='grc' dir='ltr'>ἐπὶ</span> <span class='ocrx_word' id='word_1_150' title='bbox 235 1640 427 1702; x_wconf 82' lang='grc' dir='ltr'>τούτοις,</span> <span class='ocrx_word' id='word_1_151' title='bbox 454 1641 502 1689; x_wconf 85' lang='grc' dir='ltr'>ἐκ</span> <span class='ocrx_word' id='word_1_152' title='bbox 528 1643 621 1689; x_wconf 81' lang='grc' dir='ltr'>τῶν</span> <span class='ocrx_word' id='word_1_153' title='bbox 646 1641 913 1689; x_wconf 81' lang='grc' dir='ltr'>ἐπιστολῶν</span> <span class='ocrx_word' id='word_1_154' title='bbox 938 1644 1032 1689; x_wconf 82' lang='grc' dir='ltr'>τῶν</span> <span class='ocrx_word' id='word_1_155' title='bbox 1064 1640 1235 1690; x_wconf 86' lang='grc' dir='ltr'>ἐκείνου</span> <span class='ocrx_word' id='word_1_156' title='bbox 1270 1639 1550 1703; x_wconf 79' lang='grc' dir='ltr'>μαθήσεσθε</span> <span class='ocrx_word' id='word_1_157' title='bbox 1585 1639 1650 1691; x_wconf 75' lang='grc' dir='ltr'>ὧν</span> 
     </span>
     <span class='ocr_line' id='line_1_19' title="bbox 136 1723 1648 1789; baseline 0.001 -14"><span class='ocrx_word' id='word_1_158' title='bbox 136 1728 197 1778; x_wconf 81' lang='grc' dir='ltr'>εἷς</span> <span class='ocrx_word' id='word_1_159' title='bbox 225 1723 599 1787; x_wconf 89' lang='grc' dir='ltr'>Πελοπόννησον</span> <span class='ocrx_word' id='word_1_160' title='bbox 625 1723 870 1787; x_wconf 72' lang='grc' dir='ltr'>Χἔπεμπεν.</span> <span class='ocrx_word' id='word_1_161' title='bbox 923 1724 1003 1774; x_wconf 89' lang='grc' dir='ltr'>καί</span> <span class='ocrx_word' id='word_1_162' title='bbox 1030 1747 1106 1786; x_wconf 91' lang='grc' dir='ltr'>μοι</span> <span class='ocrx_word' id='word_1_163' title='bbox 1133 1724 1244 1789; x_wconf 85' lang='grc' dir='ltr'>λέγε</span> <span class='ocrx_word' id='word_1_164' title='bbox 1270 1725 1442 1777; x_wconf 81' lang='grc' dir='ltr'>ταύτας</span> <span class='ocrx_word' id='word_1_165' title='bbox 1468 1724 1648 1788; x_wconf 76' lang='grc' dir='ltr'>λαβὼν,</span> 
     </span>
    </p>

    <p class='ocr_par' dir='ltr' id='par_1_6' title="bbox 134 1806 1697 2040">
     <span class='ocr_line' id='line_1_20' title="bbox 134 1806 1649 1875; baseline 0.001 -17"><span class='ocrx_word' id='word_1_166' title='bbox 134 1808 192 1858; x_wconf 78' lang='grc' dir='ltr'>ἵν’</span> <span class='ocrx_word' id='word_1_167' title='bbox 222 1811 395 1871; x_wconf 65' lang='grc' dir='ltr'>Ῡεὶδῆτε</span> <span class='ocrx_word' id='word_1_168' title='bbox 434 1809 461 1871; x_wconf 86' lang='grc' dir='ltr'>ἡ</span> <span class='ocrx_word' id='word_1_169' title='bbox 497 1806 582 1871; x_wconf 84' lang='grc' dir='ltr'>ἐμὴ</span> <span class='ocrx_word' id='word_1_170' title='bbox 617 1807 834 1874; x_wconf 79' lang='grc' dir='ltr'>συνέχεια</span> <span class='ocrx_word' id='word_1_171' title='bbox 870 1809 946 1857; x_wconf 78' lang='grc' dir='ltr'>καὶ</span> <span class='ocrx_word' id='word_1_172' title='bbox 981 1806 1190 1857; x_wconf 77' lang='grc' dir='ltr'>Ζπλοὶνοι</span> <span class='ocrx_word' id='word_1_173' title='bbox 1229 1810 1303 1857; x_wconf 74' lang='grc' dir='ltr'>καὶ</span> <span class='ocrx_word' id='word_1_174' title='bbox 1337 1810 1649 1875; x_wconf 83' lang='grc' dir='ltr'>ταλαιπωρίαι</span> 
     </span>
     <span class='ocr_line' id='line_1_21' title="bbox 135 1889 1697 1958; baseline 0 -16"><span class='ocrx_word' id='word_1_175' title='bbox 135 1894 209 1942; x_wconf 80' lang='grc' dir='ltr'>καὶ</span> <span class='ocrx_word' id='word_1_176' title='bbox 259 1890 318 1942; x_wconf 79' lang='grc' dir='ltr'>τὰ</span> <span class='ocrx_word' id='word_1_177' title='bbox 367 1890 531 1942; x_wconf 77' lang='grc' dir='ltr'>πολλὰ</span> <span class='ocrx_word' id='word_1_178' title='bbox 581 1892 890 1958; x_wconf 78' lang='grc' dir='ltr'>ψηφίσματα,</span> <span class='ocrx_word' id='word_1_179' title='bbox 946 1889 976 1940; x_wconf 82' lang='grc' dir='ltr'>ἃ</span> <span class='ocrx_word' id='word_1_180' title='bbox 1034 1897 1115 1941; x_wconf 81' lang='grc' dir='ltr'>νῦν</span> <span class='ocrx_word' id='word_1_181' title='bbox 1172 1891 1304 1945; x_wconf 73' lang='grc' dir='ltr'>οὗτος</span> <span class='ocrx_word' id='word_1_182' title='bbox 1356 1891 1550 1958; x_wconf 83' lang='grc' dir='ltr'>διέσυρε,</span> <span class='ocrx_word' id='word_1_183' title='bbox 1603 1894 1697 1951; x_wconf 75' lang='grc' dir='ltr'>τίι5</span> 
     </span>
     <span class='ocr_line' id='line_1_22' title="bbox 135 1973 504 2040; baseline 0.003 -16"><span class='ocrx_word' id='word_1_184' title='bbox 135 1980 153 2000; x_wconf 71' lang='lat'>³</span> <span class='ocrx_word' id='word_1_185' title='bbox 166 1973 504 2040; x_wconf 80' lang='grc' dir='ltr'>ἀπειργάσατο.</span> 
     </span>
    </p>

    <p class='ocr_par' dir='ltr' id='par_1_7' title="bbox 45 2055 1700 2373">
     <span class='ocr_line' id='line_1_23' title="bbox 45 2055 1648 2124; baseline 0.001 -16"><span class='ocrx_word' id='word_1_186' title='bbox 45 2067 122 2120; x_wconf 91' lang='lat'>278</span> <span class='ocrx_word' id='word_1_187' title='bbox 211 2058 375 2108; x_wconf 89' lang='grc' dir='ltr'>Καίτοι</span> <span class='ocrx_word' id='word_1_188' title='bbox 407 2060 582 2108; x_wconf 71' lang='grc' dir='ltr'>πολλοὶ</span> <span class='ocrx_word' id='word_1_189' title='bbox 613 2059 721 2123; x_wconf 89' lang='grc' dir='ltr'>παρ’</span> <span class='ocrx_word' id='word_1_190' title='bbox 750 2055 899 2121; x_wconf 52' lang='grc' dir='ltr'>ὒὺμῖν,</span> <span class='ocrx_word' id='word_1_191' title='bbox 926 2058 1112 2123; x_wconf 71' lang='grc' dir='ltr'>ρὁίνδρες</span> <span class='ocrx_word' id='word_1_192' title='bbox 1138 2059 1393 2122; x_wconf 80' lang='grc' dir='ltr'>Ἀθηναῖοι,</span> <span class='ocrx_word' id='word_1_193' title='bbox 1420 2059 1648 2124; x_wconf 87' lang='grc' dir='ltr'>γεγόνασι</span> 
     </span>
     <span class='ocr_line' id='line_1_24' title="bbox 132 2139 1648 2209; baseline 0.003 -18"><span class='ocrx_word' id='word_1_194' title='bbox 132 2140 321 2207; x_wconf 88' lang='grc' dir='ltr'>ῥήτορες</span> <span class='ocrx_word' id='word_1_195' title='bbox 365 2141 544 2209; x_wconf 77' lang='grc' dir='ltr'>ἔνδοξοι</span> <span class='ocrx_word' id='word_1_196' title='bbox 591 2144 665 2191; x_wconf 80' lang='grc' dir='ltr'>καὶ</span> <span class='ocrx_word' id='word_1_197' title='bbox 713 2139 914 2205; x_wconf 79' lang='grc' dir='ltr'>μεγάλοι</span> <span class='ocrx_word' id='word_1_198' title='bbox 964 2140 1057 2206; x_wconf 79' lang='grc' dir='ltr'>πρὸ</span> <span class='ocrx_word' id='word_1_199' title='bbox 1103 2143 1227 2205; x_wconf 84' lang='grc' dir='ltr'>ἐμοῦ,</span> <span class='ocrx_word' id='word_1_200' title='bbox 1277 2144 1648 2209; x_wconf 88' lang='grc' dir='ltr'>Καλλίστρατος</span> 
     </span>
     <span class='ocr_line' id='line_1_25' title="bbox 133 2223 1640 2292; baseline 0.002 -18"><span class='ocrx_word' id='word_1_201' title='bbox 133 2225 311 2285; x_wconf 83' lang='grc' dir='ltr'>ἐκεῖνος,</span> <span class='ocrx_word' id='word_1_202' title='bbox 344 2224 663 2291; x_wconf 79' lang='grc' dir='ltr'>Ἀριστοφῶν,</span> <span class='ocrx_word' id='word_1_203' title='bbox 699 2223 938 2290; x_wconf 83' lang='grc' dir='ltr'>Κέφαλος,</span> <span class='ocrx_word' id='word_1_204' title='bbox 969 2224 1334 2289; x_wconf 77' lang='grc' dir='ltr'>Θρασύβουλος,</span> <span class='ocrx_word' id='word_1_205' title='bbox 1370 2226 1514 2292; x_wconf 80' lang='grc' dir='ltr'>ἕτεροι</span> <span class='ocrx_word' id='word_1_206' title='bbox 1551 2250 1640 2289; x_wconf 90' lang='grc' dir='ltr'>μυ-</span> 
     </span>
     <span class='ocr_line' id='line_1_26' title="bbox 133 2304 1700 2373; baseline 0.003 -17"><span class='ocrx_word' id='word_1_207' title='bbox 133 2307 235 2373; x_wconf 85' lang='grc' dir='ltr'>ρίοι·</span> <span class='ocrx_word' id='word_1_208' title='bbox 275 2309 387 2357; x_wconf 83' lang='grc' dir='ltr'>ἀλλ’</span> <span class='ocrx_word' id='word_1_209' title='bbox 415 2306 539 2370; x_wconf 81' lang='grc' dir='ltr'>ὅμως</span> <span class='ocrx_word' id='word_1_210' title='bbox 569 2307 714 2359; x_wconf 75' lang='grc' dir='ltr'>οὐδεὶς</span> <span class='ocrx_word' id='word_1_211' title='bbox 741 2304 956 2357; x_wconf 58' lang='grc' dir='ltr'>ἀπώποτε</span> <span class='ocrx_word' id='word_1_212' title='bbox 990 2307 1167 2358; x_wconf 82' lang='grc' dir='ltr'>τούτων</span> <span class='ocrx_word' id='word_1_213' title='bbox 1194 2307 1269 2358; x_wconf 80' lang='grc' dir='ltr'>διὰ</span> <span class='ocrx_word' id='word_1_214' title='bbox 1299 2308 1474 2362; x_wconf 80' lang='grc' dir='ltr'>παντὸς</span> <span class='ocrx_word' id='word_1_215' title='bbox 1500 2310 1642 2360; x_wconf 73' lang='grc' dir='ltr'>θε”δω-</span> <span class='ocrx_word' id='word_1_216' title='bbox 1660 2339 1700 2361; x_wconf 88' lang='lat'>20</span> 
     </span>
    </p>
   </div>
   <div class='ocr_carea' id='block_1_3' title="bbox 133 2477 1647 2900">
    <p class='ocr_par' dir='ltr' id='par_1_8' title="bbox 133 2477 1647 2900">
     <span class='ocr_line' id='line_1_27' title="bbox 186 2477 1647 2527; baseline 0.002 -13"><span class='ocrx_word' id='word_1_217' title='bbox 186 2477 197 2504; x_wconf 88' lang='grc' dir='ltr'><strong>Ῑ</strong></span> <span class='ocrx_word' id='word_1_218' title='bbox 217 2480 235 2523; x_wconf 88' lang='grc' dir='ltr'>ἡ</span> <span class='ocrx_word' id='word_1_219' title='bbox 254 2482 354 2516; x_wconf 81' lang='grc' dir='ltr'>πόλις</span> <span class='ocrx_word' id='word_1_220' title='bbox 372 2479 412 2524; x_wconf 85' lang='grc' dir='ltr'>ἧν</span> <span class='ocrx_word' id='word_1_221' title='bbox 430 2481 580 2515; x_wconf 78' lang='lat' dir='ltr'><strong>A.S.k.s.</strong></span> <span class='ocrx_word' id='word_1_222' title='bbox 610 2479 649 2523; x_wconf 81' lang='grc' dir='ltr'>ἧν</span> <span class='ocrx_word' id='word_1_223' title='bbox 669 2479 686 2522; x_wconf 88' lang='grc' dir='ltr'>ἡ</span> <span class='ocrx_word' id='word_1_224' title='bbox 707 2482 806 2514; x_wconf 89' lang='grc' dir='ltr'>πόλις</span> <span class='ocrx_word' id='word_1_225' title='bbox 827 2480 943 2525; x_wconf 78' lang='lat' dir='ltr'><strong>vulgo.</strong></span> <span class='ocrx_word' id='word_1_226' title='bbox 1082 2486 1111 2505; x_wconf 88' lang='lat' dir='ltr'>m</span> <span class='ocrx_word' id='word_1_227' title='bbox 1132 2483 1203 2516; x_wconf 81' lang='grc' dir='ltr'>τοῖς</span> <span class='ocrx_word' id='word_1_228' title='bbox 1222 2482 1336 2515; x_wconf 80' lang='lat' dir='ltr'><strong>A.S.s.</strong></span> <span class='ocrx_word' id='word_1_229' title='bbox 1373 2481 1572 2527; x_wconf 81' lang='lat' dir='ltr'>Legebatur</span> <span class='ocrx_word' id='word_1_230' title='bbox 1592 2482 1647 2517; x_wconf 84' lang='grc' dir='ltr'>ἐπὶ</span> 
     </span>
     <span class='ocr_line' id='line_1_28' title="bbox 133 2533 1644 2580; baseline 0.003 -14"><span class='ocrx_word' id='word_1_231' title='bbox 133 2534 214 2568; x_wconf 82' lang='grc' dir='ltr'>τοῖς.</span> <span class='ocrx_word' id='word_1_232' title='bbox 244 2533 324 2567; x_wconf 70' lang='lat' dir='ltr'><strong>Vid.</strong></span> <span class='ocrx_word' id='word_1_233' title='bbox 346 2534 390 2568; x_wconf 88' lang='lat' dir='ltr'>ad</span> <span class='ocrx_word' id='word_1_234' title='bbox 409 2547 442 2579; x_wconf 88' lang='lat' dir='ltr'>p.</span> <span class='ocrx_word' id='word_1_235' title='bbox 458 2544 546 2580; x_wconf 82' lang='lat'>323,</span> <span class='ocrx_word' id='word_1_236' title='bbox 562 2544 597 2579; x_wconf 80' lang='lat'>3.</span> <span class='ocrx_word' id='word_1_237' title='bbox 693 2539 712 2557; x_wconf 77' lang='grc' dir='ltr'>Π</span> <span class='ocrx_word' id='word_1_238' title='bbox 733 2533 874 2579; x_wconf 81' lang='grc' dir='ltr'>καθῆτο]</span> <span class='ocrx_word' id='word_1_239' title='bbox 900 2533 1049 2576; x_wconf 84' lang='grc' dir='ltr'>καθῆστο</span> <span class='ocrx_word' id='word_1_240' title='bbox 1069 2535 1253 2580; x_wconf 79' lang='lat' dir='ltr'><strong>A.k.p.r.s.</strong></span> <span class='ocrx_word' id='word_1_241' title='bbox 1337 2539 1355 2558; x_wconf 92' lang='lat'>0</span> <span class='ocrx_word' id='word_1_242' title='bbox 1376 2534 1419 2569; x_wconf 80' lang='grc' dir='ltr'>ὡς</span> <span class='ocrx_word' id='word_1_243' title='bbox 1438 2547 1506 2568; x_wconf 88' lang='lat' dir='ltr'>om.</span> <span class='ocrx_word' id='word_1_244' title='bbox 1527 2548 1580 2580; x_wconf 89' lang='lat' dir='ltr'>pr.</span> <span class='ocrx_word' id='word_1_245' title='bbox 1600 2535 1644 2571; x_wconf 90' lang='lat' dir='ltr'>O.</span> 
     </span>
     <span class='ocr_line' id='line_1_29' title="bbox 134 2584 1643 2632; baseline 0.002 -13"><span class='ocrx_word' id='word_1_246' title='bbox 134 2591 155 2619; x_wconf 78' lang='lat' dir='ltr'><strong>P</strong></span> <span class='ocrx_word' id='word_1_247' title='bbox 172 2584 338 2632; x_wconf 84' lang='grc' dir='ltr'>ἀρίστων]</span> <span class='ocrx_word' id='word_1_248' title='bbox 362 2586 512 2632; x_wconf 82' lang='grc' dir='ltr'>ἀρίστων</span> <span class='ocrx_word' id='word_1_249' title='bbox 531 2586 635 2620; x_wconf 75' lang='grc' dir='ltr'>ὄντων</span> <span class='ocrx_word' id='word_1_250' title='bbox 654 2587 797 2620; x_wconf 84' lang='lat' dir='ltr'><strong>A.k.r.s.</strong></span> <span class='ocrx_word' id='word_1_251' title='bbox 900 2594 918 2622; x_wconf 74' lang='lat'>‘1</span> <span class='ocrx_word' id='word_1_252' title='bbox 938 2586 1080 2632; x_wconf 70' lang='grc' dir='ltr'>ἄριστα]</span> <span class='ocrx_word' id='word_1_253' title='bbox 1106 2587 1183 2631; x_wconf 73' lang='grc' dir='ltr'>ἄξια</span> <span class='ocrx_word' id='word_1_254' title='bbox 1201 2588 1344 2622; x_wconf 84' lang='lat' dir='ltr'><strong>A.k.r.S.</strong></span> <span class='ocrx_word' id='word_1_255' title='bbox 1448 2593 1462 2611; x_wconf 75' lang='grc' dir='ltr'><strong>Γ</strong></span> <span class='ocrx_word' id='word_1_256' title='bbox 1481 2593 1643 2623; x_wconf 61' lang='lat' dir='ltr'>{ditm}-</span> 
     </span>
     <span class='ocr_line' id='line_1_30' title="bbox 134 2639 1641 2687; baseline 0.001 -14"><span class='ocrx_word' id='word_1_257' title='bbox 134 2639 273 2685; x_wconf 86' lang='lat' dir='ltr'>MATA]</span> <span class='ocrx_word' id='word_1_258' title='bbox 297 2640 468 2684; x_wconf 73' lang='grc' dir='ltr'>ψηφισμα</span> <span class='ocrx_word' id='word_1_259' title='bbox 489 2640 524 2674; x_wconf 87' lang='lat' dir='ltr'>S.</span> <span class='ocrx_word' id='word_1_260' title='bbox 593 2645 608 2663; x_wconf 79' lang='lat' dir='ltr'>S</span> <span class='ocrx_word' id='word_1_261' title='bbox 628 2639 715 2684; x_wconf 80' lang='grc' dir='ltr'>τοῖς]</span> <span class='ocrx_word' id='word_1_262' title='bbox 740 2641 798 2681; x_wconf 83' lang='grc' dir='ltr'>τῆς</span> <span class='ocrx_word' id='word_1_263' title='bbox 817 2651 844 2672; x_wconf 85' lang='lat' dir='ltr'>r.</span> <span class='ocrx_word' id='word_1_264' title='bbox 914 2639 927 2663; x_wconf 67' lang='lat' dir='ltr'><strong>t</strong></span> <span class='ocrx_word' id='word_1_265' title='bbox 947 2639 1123 2685; x_wconf 81' lang='grc' dir='ltr'>δοκοῦσιν]</span> <span class='ocrx_word' id='word_1_266' title='bbox 1148 2641 1343 2684; x_wconf 82' lang='grc' dir='ltr'>νομίζουσιν</span> <span class='ocrx_word' id='word_1_267' title='bbox 1360 2640 1394 2674; x_wconf 86' lang='lat' dir='ltr'>S.</span> <span class='ocrx_word' id='word_1_268' title='bbox 1465 2647 1484 2666; x_wconf 81' lang='lat' dir='ltr'>U</span> <span class='ocrx_word' id='word_1_269' title='bbox 1505 2641 1641 2687; x_wconf 77' lang='grc' dir='ltr'>αὐτοὺς]</span> 
     </span>
     <span class='ocr_line' id='line_1_31' title="bbox 133 2692 1643 2738; baseline 0.002 -13"><span class='ocrx_word' id='word_1_270' title='bbox 133 2692 245 2727; x_wconf 75' lang='grc' dir='ltr'>αὐτοῖς</span> <span class='ocrx_word' id='word_1_271' title='bbox 265 2693 594 2738; x_wconf 80' lang='lat' dir='ltr'><strong>F.Y.Q.O.p.t.u.v.</strong></span> <span class='ocrx_word' id='word_1_272' title='bbox 688 2698 708 2716; x_wconf 70' lang='lat' dir='ltr'>X</span> <span class='ocrx_word' id='word_1_273' title='bbox 729 2693 875 2735; x_wconf 81' lang='grc' dir='ltr'>ἔπεμπεν</span> <span class='ocrx_word' id='word_1_274' title='bbox 896 2692 932 2726; x_wconf 87' lang='lat' dir='ltr'>S.</span> <span class='ocrx_word' id='word_1_275' title='bbox 955 2693 1014 2737; x_wconf 85' lang='lat' dir='ltr'>qui</span> <span class='ocrx_word' id='word_1_276' title='bbox 1035 2705 1054 2726; x_wconf 88' lang='lat' dir='ltr'>a</span> <span class='ocrx_word' id='word_1_277' title='bbox 1073 2705 1125 2738; x_wconf 88' lang='lat' dir='ltr'>pr.</span> <span class='ocrx_word' id='word_1_278' title='bbox 1144 2705 1190 2727; x_wconf 89' lang='lat' dir='ltr'>m.</span> <span class='ocrx_word' id='word_1_279' title='bbox 1210 2694 1361 2736; x_wconf 80' lang='grc' dir='ltr'>ἔπεμπον</span> <span class='ocrx_word' id='word_1_280' title='bbox 1380 2694 1512 2727; x_wconf 86' lang='lat' dir='ltr'><strong>habuit.</strong></span> <span class='ocrx_word' id='word_1_281' title='bbox 1542 2695 1643 2737; x_wconf 73' lang='grc' dir='ltr'>ἔπεμ-</span> 
     </span>
     <span class='ocr_line' id='line_1_32' title="bbox 133 2744 1641 2792; baseline 0.003 -14"><span class='ocrx_word' id='word_1_282' title='bbox 133 2745 202 2789; x_wconf 83' lang='grc' dir='ltr'>ψεν</span> <span class='ocrx_word' id='word_1_283' title='bbox 219 2746 337 2792; x_wconf 78' lang='lat' dir='ltr'><strong>vulgo.</strong></span> <span class='ocrx_word' id='word_1_284' title='bbox 463 2752 482 2779; x_wconf 78' lang='lat' dir='ltr'>Y</span> <span class='ocrx_word' id='word_1_285' title='bbox 501 2746 611 2788; x_wconf 83' lang='grc' dir='ltr'>εἰδῆτε</span> <span class='ocrx_word' id='word_1_286' title='bbox 630 2744 667 2790; x_wconf 85' lang='grc' dir='ltr'>ἡ]</span> <span class='ocrx_word' id='word_1_287' title='bbox 694 2745 803 2788; x_wconf 84' lang='grc' dir='ltr'>εἰδῆτε</span> <span class='ocrx_word' id='word_1_288' title='bbox 823 2744 875 2778; x_wconf 86' lang='grc' dir='ltr'>ὅτι</span> <span class='ocrx_word' id='word_1_289' title='bbox 896 2745 913 2788; x_wconf 90' lang='grc' dir='ltr'>ἡ</span> <span class='ocrx_word' id='word_1_290' title='bbox 935 2745 1295 2791; x_wconf 81' lang='lat' dir='ltr'><strong>F.Y.Q.Op.r.t.u.v.</strong></span> <span class='ocrx_word' id='word_1_291' title='bbox 1319 2753 1353 2780; x_wconf 87' lang='lat' dir='ltr'>et</span> <span class='ocrx_word' id='word_1_292' title='bbox 1375 2759 1394 2780; x_wconf 82' lang='lat' dir='ltr'>a</span> <span class='ocrx_word' id='word_1_293' title='bbox 1414 2759 1460 2780; x_wconf 88' lang='lat' dir='ltr'>m.</span> <span class='ocrx_word' id='word_1_294' title='bbox 1480 2747 1584 2781; x_wconf 84' lang='lat' dir='ltr'>tertia</span> <span class='ocrx_word' id='word_1_295' title='bbox 1605 2748 1641 2783; x_wconf 90' lang='lat' dir='ltr'>S.</span> 
     </span>
     <span class='ocr_line' id='line_1_33' title="bbox 133 2798 1645 2845; baseline 0.002 -14"><span class='ocrx_word' id='word_1_296' title='bbox 133 2802 152 2822; x_wconf 75' lang='grc' dir='ltr'><strong><em>Ζ</em></strong></span> <span class='ocrx_word' id='word_1_297' title='bbox 170 2799 310 2844; x_wconf 85' lang='grc' dir='ltr'>πλάνοι]</span> <span class='ocrx_word' id='word_1_298' title='bbox 334 2800 445 2842; x_wconf 89' lang='grc' dir='ltr'>πλάνη</span> <span class='ocrx_word' id='word_1_299' title='bbox 466 2798 645 2833; x_wconf 80' lang='lat' dir='ltr'><strong>O.1·.t.u.V.</strong></span> <span class='ocrx_word' id='word_1_300' title='bbox 805 2803 823 2822; x_wconf 76' lang='lat' dir='ltr'>a</span> <span class='ocrx_word' id='word_1_301' title='bbox 843 2798 1092 2844; x_wconf 81' lang='grc' dir='ltr'>ἀπειργάσατο]</span> <span class='ocrx_word' id='word_1_302' title='bbox 1117 2799 1340 2844; x_wconf 82' lang='grc' dir='ltr'>ἀπηργάσατο</span> <span class='ocrx_word' id='word_1_303' title='bbox 1362 2800 1397 2834; x_wconf 87' lang='lat' dir='ltr'>S.</span> <span class='ocrx_word' id='word_1_304' title='bbox 1421 2800 1462 2833; x_wconf 88' lang='lat' dir='ltr'>de</span> <span class='ocrx_word' id='word_1_305' title='bbox 1483 2812 1552 2845; x_wconf 91' lang='lat' dir='ltr'>quo</span> <span class='ocrx_word' id='word_1_306' title='bbox 1573 2801 1645 2834; x_wconf 79' lang='lat' dir='ltr'><strong>dixi</strong></span> 
     </span>
     <span class='ocr_line' id='line_1_34' title="bbox 133 2851 1642 2900; baseline 0.002 -16"><span class='ocrx_word' id='word_1_307' title='bbox 133 2851 178 2884; x_wconf 85' lang='lat' dir='ltr'>ad</span> <span class='ocrx_word' id='word_1_308' title='bbox 195 2851 372 2898; x_wconf 85' lang='lat' dir='ltr'><strong>Aristoph.</strong></span> <span class='ocrx_word' id='word_1_309' title='bbox 394 2852 460 2898; x_wconf 87' lang='lat' dir='ltr'>Eq.</span> <span class='ocrx_word' id='word_1_310' title='bbox 478 2861 590 2886; x_wconf 85' lang='lat'><strong>1221.</strong></span> <span class='ocrx_word' id='word_1_311' title='bbox 625 2851 819 2896; x_wconf 83' lang='lat' dir='ltr'>Vulgatum</span> <span class='ocrx_word' id='word_1_312' title='bbox 839 2863 858 2884; x_wconf 88' lang='lat' dir='ltr'><strong>a</strong></span> <span class='ocrx_word' id='word_1_313' title='bbox 877 2863 923 2884; x_wconf 91' lang='lat' dir='ltr'>m.</span> <span class='ocrx_word' id='word_1_314' title='bbox 944 2852 1048 2885; x_wconf 84' lang='lat' dir='ltr'>tertia</span> <span class='ocrx_word' id='word_1_315' title='bbox 1066 2853 1171 2886; x_wconf 84' lang='lat' dir='ltr'><strong>habet</strong></span> <span class='ocrx_word' id='word_1_316' title='bbox 1194 2853 1227 2886; x_wconf 90' lang='lat' dir='ltr'>S.</span> <span class='ocrx_word' id='word_1_317' title='bbox 1264 2852 1367 2886; x_wconf 89' lang='lat' dir='ltr'><strong>Conf.</strong></span> <span class='ocrx_word' id='word_1_318' title='bbox 1388 2853 1431 2886; x_wconf 86' lang='lat' dir='ltr'>ad</span> <span class='ocrx_word' id='word_1_319' title='bbox 1450 2865 1484 2898; x_wconf 89' lang='lat' dir='ltr'>p.</span> <span class='ocrx_word' id='word_1_320' title='bbox 1505 2852 1591 2898; x_wconf 84' lang='lat'><em>823,</em></span> <span class='ocrx_word' id='word_1_321' title='bbox 1609 2861 1642 2900; x_wconf 88' lang='lat'>7.</span> 
     </span>
    </p>
   </div>
   <div class='ocr_carea' id='block_1_4' title="bbox 134 2905 1639 3021">
    <p class='ocr_par' dir='ltr' id='par_1_9' title="bbox 134 2905 1639 3021">
     <span class='ocr_line' id='line_1_35' title="bbox 134 2905 1639 2969; baseline 0.001 -15"><span class='ocrx_word' id='word_1_322' title='bbox 134 2916 155 2945; x_wconf 75' lang='lat' dir='ltr'>b</span> <span class='ocrx_word' id='word_1_323' title='bbox 174 2920 266 2968; x_wconf 79' lang='grc' dir='ltr'>ὑμῖν]</span> <span class='ocrx_word' id='word_1_324' title='bbox 287 2915 364 2965; x_wconf 66' lang='grc' dir='ltr'>ἥμιν</span> <span class='ocrx_word' id='word_1_325' title='bbox 384 2922 422 2956; x_wconf 90' lang='lat' dir='ltr'>F.</span> <span class='ocrx_word' id='word_1_326' title='bbox 452 2922 530 2965; x_wconf 84' lang='grc' dir='ltr'>ἡμῖν</span> <span class='ocrx_word' id='word_1_327' title='bbox 549 2921 591 2955; x_wconf 85' lang='lat' dir='ltr'>Y.</span> <span class='ocrx_word' id='word_1_328' title='bbox 709 2927 724 2945; x_wconf 69' lang='grc' dir='ltr'><strong>ὓ</strong></span> <span class='ocrx_word' id='word_1_329' title='bbox 743 2920 860 2965; x_wconf 73' lang='grc' dir='ltr'>ἄνδρες</span> <span class='ocrx_word' id='word_1_330' title='bbox 877 2919 1064 2967; x_wconf 76' lang='grc' dir='ltr'>Ἀθηναῖοι]</span> <span class='ocrx_word' id='word_1_331' title='bbox 1090 2905 1114 2955; x_wconf 61' lang='lat' dir='ltr'>&lt;g</span> <span class='ocrx_word' id='word_1_332' title='bbox 1135 2922 1177 2956; x_wconf 81' lang='lat' dir='ltr'>A.</span> <span class='ocrx_word' id='word_1_333' title='bbox 1300 2918 1319 2946; x_wconf 79' lang='lat' dir='ltr'><strong>d</strong></span> <span class='ocrx_word' id='word_1_334' title='bbox 1338 2923 1474 2955; x_wconf 84' lang='grc' dir='ltr'>πώποτε</span> <span class='ocrx_word' id='word_1_335' title='bbox 1494 2921 1639 2969; x_wconf 84' lang='grc' dir='ltr'>τούτων]</span> 
     </span>
     <span class='ocr_line' id='line_1_36' title="bbox 135 2972 1302 3021; baseline 0.002 -14"><span class='ocrx_word' id='word_1_336' title='bbox 135 2972 262 3008; x_wconf 85' lang='grc' dir='ltr'>τούτων</span> <span class='ocrx_word' id='word_1_337' title='bbox 281 2976 417 3009; x_wconf 84' lang='grc' dir='ltr'>πώποτε</span> <span class='ocrx_word' id='word_1_338' title='bbox 437 2974 795 3019; x_wconf 82' lang='lat' dir='ltr'><strong>F.Y.Q.O.p.r.t.u.v.</strong></span> <span class='ocrx_word' id='word_1_339' title='bbox 906 2979 921 2998; x_wconf 72' lang='lat' dir='ltr'>e</span> <span class='ocrx_word' id='word_1_340' title='bbox 941 2975 1080 3021; x_wconf 76' lang='grc' dir='ltr'>ἔδωκεν]</span> <span class='ocrx_word' id='word_1_341' title='bbox 1105 2975 1247 3009; x_wconf 86' lang='grc' dir='ltr'>δέδωκεν</span> <span class='ocrx_word' id='word_1_342' title='bbox 1267 2987 1302 3009; x_wconf 90' lang='lat' dir='ltr'>u.</span> 
     </span>
    </p>
   </div>
   <div class='ocr_carea' id='block_1_5' title="bbox 835 3047 937 3075">
    <p class='ocr_par' dir='ltr' id='par_1_10' title="bbox 835 3047 937 3075">
     <span class='ocr_line' id='line_1_37' title="bbox 835 3047 937 3075; baseline -0.01 0"><span class='ocrx_word' id='word_1_343' title='bbox 835 3047 937 3075; x_wconf 81' lang='lat' dir='ltr'>SSZ</span> 
     </span>
    </p>
   </div>
   <div class='ocr_carea' id='block_1_6' title="bbox 0 1729 23 3266">
    <p class='ocr_par' dir='ltr' id='par_1_11' title="bbox 0 1729 23 3266">
     <span class='ocr_line' id='line_1_38' title="bbox 0 1729 23 3266; baseline 0 0"><span class='ocrx_word' id='word_1_344' title='bbox 0 1729 23 3266; x_wconf 95' lang='lat' dir='ltr'> </span> 
     </span>
    </p>
   </div>
  </div>
 </body>
</html>
