1903 3271
210 158 294 201 474
755 164 1182 204 ΔΗΜΟΣΘΕΝΟΎΣ
1319 166 1400 204 OR.
1423 165 1563 206 XIX.
1585 179 1626 220 p.
1640 177 1739 219 447,
1755 184 1794 207 ‘24

211 273 378 333 ῑὺμῶν,
405 271 482 322 διὰ
507 273 556 323 δὲ
581 272 688 327 τοὺς
719 276 794 325 ἐπὶ
819 275 1035 342 χρήμασι
1061 277 1428 340 λυμαινομένους
1452 282 1549 332 τοῖς
1574 278 1728 345 πράγ-

115 364 197 418 382
210 378 331 420 μασι
383 362 584 407 πολλῶν
629 359 851 424 ὑστερῶν,
891 361 944 410 οὐ
987 359 1181 428 σφόδρα
1225 369 1246 388 ¹²
1265 361 1573 429 ἰσχυρίζομαι,
1617 365 1779 415 ἀλλ’25

212 439 485 506 ὑπερβολὴν
507 441 782 505 ποιήσομαι·
826 443 951 493 ἔστω
988 443 1082 509 γὰρ
1121 444 1313 495 Χποὶντα
1349 453 1368 480 y
1386 447 1571 510 τάληθῆ
1611 453 1628 472 ²
1645 446 1728 497 λέ-

211 522 309 591 ξειν
347 525 452 590 περὶ
492 525 635 575 αὑτοῦ
672 526 870 576 τουτονί.
910 528 986 577 καὶ
1025 529 1147 578 οὕτω
1183 529 1339 579 τοίνυν
1373 531 1540 596 κομιδῇ
1579 529 1732 595 γέλως

210 608 312 658 ἐστὶ
351 613 627 674 κατηγορεῖν
665 608 837 659 ἐκείνου
871 610 1068 661 τουτονί.
1107 610 1201 675 ἐγὼ
1236 610 1329 677 γὰρ
1357 613 1592 678 Αἰσχίνην
1621 614 1730 663 θού-

210 691 339 744 δενὸς
365 695 581 755 αἰτιῶμαι
619 697 714 742 τῶν
752 695 800 743 ἐν
833 697 900 760 τῷ
933 694 1128 763 πολέμῳ
1161 694 1469 761 πραχθέντων
1496 694 1733 764 (ὓτούτων
1872 763 1875 766 .

209 774 302 840 γάρ
332 778 451 825 εἰσιν
491 779 532 825 οἱ
567 779 831 842 στρατηγοὶ
867 776 1142 847 ὑπεύθυνοι)
1177 777 1280 828 οὐδὲ
1313 784 1397 829 τοῦ
1434 777 1827 842 ποιήσασθαι448
1868 777 1885 818 <1

209 857 295 922 τὴν
321 856 465 909 πόλιν
491 858 688 925 εἰρήνην,
715 861 826 910 ἀλλ’
858 861 968 927 ἄχρι
995 860 1163 912 τούτου
1188 861 1325 913 πάντ’
1354 862 1540 930 ἀφίημι.
1584 863 1633 913 τί
1653 863 1734 914 οὖν
1882 851 1885 856 ’

113 948 195 1003 383
211 941 337 1007 λέγω
364 944 439 992 καὶ
465 941 609 994 πόθεν
635 944 839 1011 ἄρχομαι
877 949 1184 1011 κατηγορεῖν;
1224 951 1307 997 τοῦ
1338 946 1616 1010 ποιουμένης
1650 949 1733 1010 τῆς

208 1023 394 1079 πόλεως
432 1026 617 1092 εἰρήνην
650 1027 932 1094 Φιλοκράτει
965 1034 1215 1090 συνειπεῖν,
1244 1028 1376 1080 ἀλλὰ
1408 1027 1501 1094 εμὴ
1538 1034 1634 1083 τοῖς
1671 1027 1760 1080 τὰε

756 1110 865 1163 (Ῑτοῦ
892 1115 1020 1180 δῶρα
1050 1114 1306 1182 εἰληφέναι,
1333 1119 1416 1164 τοῦ
1441 1112 1560 1176 μετὰ
1585 1119 1733 1165 ταῦτα

208 1109 445 1170 βέλτιστα
471 1110 727 1180 γράφουσι,

209 1194 283 1244 ἐπὶ
326 1196 407 1258 τῆς
457 1206 473 1226 e
492 1196 692 1261 ὑστέρας
732 1197 990 1263 πρεσβείας
1044 1197 1152 1251 τοὺς
1197 1196 1394 1265 χρόνους
1445 1200 1734 1266 κατατρῖψαι

208 1279 285 1329 καὶ
325 1277 471 1343 μηδὲν
508 1277 574 1330 ὧν
614 1279 935 1350 προσετάξαθ’
984 1281 1109 1345 ὑμεῖς
1152 1284 1363 1345 ποιῆσαι,
1408 1286 1491 1331 τοῦ
1534 1280 1730 1348 φενακί-

208 1383 293 1412 σαι
321 1361 408 1425 τὴν
432 1363 590 1426 πόλιν,
614 1366 689 1414 καὶ
721 1362 1133 1430 ἶπαραστήσαντα
1163 1365 1374 1426 ἐλπίδας,
1401 1366 1463 1418 ὡς
1490 1363 1586 1414 ὅσα
1609 1369 1729 1425 βου·-

209 1443 373 1507 λόμεθ’
411 1447 540 1510 ἡμεῖς
580 1448 823 1502 Φίλιππος
856 1447 1040 1517 πράξει,
1076 1448 1216 1499 πάντ’
1246 1447 1610 1510 ἀπολωλεκέναι,
1649 1453 1733 1499 τοῦ
1748 1473 1788 1495 10
1828 1502 1836 1509 .

207 1528 327 1593 μετὰ
364 1535 513 1594 ταῦθ’,
549 1531 718 1598 ἑτέρων
755 1530 1091 1598 προλεγόντων
1127 1531 1458 1600 φυλάττεσθαι
1492 1530 1576 1582 τὸν
1609 1553 1728 1582 τοσ-

112 1626 197 1678 384
209 1619 328 1664 αῦτα
369 1615 634 1679 ἠδικηκότα,
675 1622 842 1666 τοῦτον
887 1616 1040 1685 ἐκείνῳ
1083 1620 1378 1681 συνηγορεῖν.
1421 1620 1569 1665 ταῦτα
1613 1637 1730 1666 κατ·
1901 1568 1903 1675 1

208 1702 381 1764 ηγορῶ,
407 1704 556 1749 ταῦτα
587 1700 842 1762 μέμνησθε,
871 1706 891 1733 g
907 1701 1004 1750 ἐπει
1042 1699 1223 1749 δικαίαν
1262 1697 1445 1765 εἰρήνην
1484 1699 1560 1748 καὶ
1586 1697 1631 1725 ¹¹
1622 1698 1733 1763 ίσην
1902 1700 1903 1704 ’

209 1783 285 1832 καὶ
309 1781 454 1846 μηδεν
477 1782 777 1884 πεπρακότας
810 1782 1086 1849 ανθρώπους
1121 1781 1236 1846 μηδὲ
1271 1781 1601 1850 ψευσαμενους
1636 1804 1725 1832 υσ-
1749 1810 1784 1840 15

207 1888 342 1932 τερον
380 1865 468 1916 κᾶν
502 1866 703 1934 ἐπῄνουν
739 1869 834 1918 1καὶ
860 1872 1131 1936 στεφανοῦν
1163 1866 1176 1902 3
1198 1866 1421 1919 ἐκελευον.
1461 1889 1732 1934 στρατηγος

208 1950 246 2000 δ’
274 1949 318 2000 εἴ
339 1973 407 2003 τις
444 1949 742 2015 1(ἠδίκηκεν
721 1956 851 2015 υμᾶς,
880 1952 983 2019 ουχὶ
1013 1956 1223 2002 κοινωνεῖ
1256 1956 1355 2005 ταῖς
1393 1956 1475 2002 νῦν
1501 1951 1725 2004 εὐθύναις.

110 2051 193 2107 385
206 2038 340 2087 ποῖος
390 2033 483 2100 γὰρ
527 2033 799 2100 στρατηγὸς
844 2033 1036 2096 1ΓἈλον,
1081 2036 1151 2088 τίς
1200 2033 1249 2085 δὲ
1295 2034 1488 2088 Φωκέας
1531 2033 1728 2086 ἀπολώ-

207 2124 346 2177 λεκες
388 2118 456 2171 τίς
491 2117 541 2169 δὲ
576 2120 890 2185 ωΔορίσκον;
931 2120 1000 2172 τίς
1035 2118 1084 2169 δὲ
1124 2119 1534 2185 Κερσοβλέπτηνς
1574 2120 1644 2173 τίς
1681 2117 1731 2170 δὲ
1745 2145 1786 2167 20

206 2200 351 2268 Ἱερὸν
390 2201 530 2269 ὅρος,
571 2204 640 2257 τίς
682 2202 730 2253 δὲ
770 2202 970 2263 Πύλας;
1010 2203 1079 2256 τίς
1112 2202 1160 2253 δὲ
1205 2203 1457 2263 πεποίηκεν
1502 2203 1612 2270 ἄχρι
1649 2205 1732 2266 τῆς

207 2285 427 2349 Ἀττικῆς
466 2284 576 2337 ὁδὸν
607 2285 684 2337 διὰ
718 2285 987 2354 συμμάχων
1014 2288 1090 2338 καὶ
1122 2288 1280 2355 φίλων
1317 2285 1432 2337 εἶναι
1471 2287 1731 2356 Φιλίππῳς

208 2369 278 2422 τίς
317 2368 366 2419 δὲ
403 2370 683 2435 Κορώνειαν,
722 2371 791 2424 τίς
826 2373 863 2420 δ’
899 2369 1207 2437 Ὀρχομενὸν,
1247 2370 1344 2423 “τίς
1384 2371 1594 2430 Εὔβοιαν
1634 2371 1728 2420 ἀλ-

264 2494 278 2519 t
297 2492 406 2538 ὑμῶν]
432 2493 523 2537 ἡμῶν
543 2493 587 2528 Ο.
692 2498 712 2517 ¹1
733 2492 967 2539 ἰσχυρίζομαι]
992 2492 1244 2539 διισχυρίζομαι
1265 2493 1466 2528 F.O.k.u.v.
1564 2499 1580 2515 x
1601 2491 1728 2538 πάντα]

208 2544 340 2580 ἅπαντα
359 2547 472 2580 A.k.s.
586 2552 601 2575 >¹
622 2546 770 2592 τάληθῆ]
795 2545 902 2590 ἀληθῆ
923 2559 951 2581 r.
1047 2553 1065 2571 Ζ
1085 2547 1214 2593 λέξειν]
1239 2547 1354 2592 λέγειν
1374 2547 1442 2582 S.s.
1538 2552 1557 2572 a
1575 2546 1729 2592 οὐδενὸς]

209 2599 364 2643 οὐδαμῶς
384 2599 478 2634 Y.O.
608 2598 624 2620 ¹³
645 2599 791 2646 τούτων]
817 2599 927 2634 τούτω
946 2612 973 2635 r.
1109 2606 1124 2626 ⁰
1143 2600 1188 2644 μὴ
1208 2599 1296 2645 τοῖς]
1321 2602 1391 2635 τοῖς
1410 2599 1455 2644 μὴ
1475 2612 1502 2634 r.
1633 2596 1652 2625 ‘l
1671 2601 1733 2633 τοῦ

210 2652 453 2687 Marklandus.
486 2653 687 2699 Legebatur
707 2654 759 2686 καὶ
778 2656 850 2687 τοῦ.
974 2659 990 2677 θ
1012 2653 1174 2699 ὑστέρας]
1199 2653 1362 2699 ὑμετέρας
1380 2659 1480 2688 t.u.v.
1592 2650 1607 2677 f
1623 2666 1730 2698 παρα-

209 2705 403 2752 στήσαντα]
430 2706 716 2751 παραστήσαντας
736 2719 788 2751 pr.
811 2707 846 2740 S.
876 2706 1147 2752 παραστήσαντα
1165 2707 1226 2742 τὰς
1244 2706 1442 2742 Y.O.t.u.v.
1565 2712 1587 2739 g
1605 2706 1733 2740 ἐπεὶ-

208 2759 278 2804 καὶ]
303 2759 375 2793 ἐπεὶ
395 2759 593 2805 εἷ-ἑώρων
612 2760 665 2793 καὶ
684 2772 752 2794 rec.
774 2761 809 2794 k.
914 2758 928 2779 ¹¹
948 2758 1045 2806 ἴσην]
1070 2759 1151 2804 ’ίσην
1169 2761 1415 2803 πεποιημένους
1434 2775 1490 2806 γρ.
1515 2760 1550 2794 S.
1649 2756 1659 2783 i
1679 2759 1733 2793 καὶ

208 2812 421 2858 στεφανοῦν]
446 2812 505 2846 κάν
525 2814 721 2857 στεφανοῦν
742 2813 786 2852 Q.
922 2810 934 2846 j
955 2812 1128 2860 ἐκέλευον]
1153 2812 1339 2855 ἐβούλευον
1357 2826 1384 2848 S.
1515 2810 1534 2838 k
1555 2811 1726 2858 ἠδίκηκεν]

206 2862 336 2910 ἠδίκηχ’
357 2878 384 2900 r.
497 2863 646 2912 147Αλον]
670 2866 782 2900 ἶίλλον
801 2872 826 2900 t.
849 2872 884 2900 ct
903 2878 954 2912 pr.
977 2867 1015 2901 F.
1046 2866 1132 2901 ι’ίλον
1151 2866 1242 2902 Y.O.
1272 2866 1390 2902 ἅλλεις
1413 2879 1446 2902 u.
1541 2872 1572 2891 1¹¹
1592 2866 1629 2900 δὲ
1649 2870 1731 2900 ante

206 2918 378 2963 Δορίσκον
398 2931 467 2953 om.
489 2920 570 2954 A.k.
592 2925 673 2953 ante
694 2919 812 2955 Πύλας
831 2925 866 2954 et
887 2917 1097 2965 Ὀρχομενὸν
1115 2932 1185 2955 om.
1207 2933 1235 2956 r.
1380 2926 1399 2944 Π
1419 2919 1470 2956 τίς
1490 2922 1627 2963 εὕβοιαν
1647 2918 1728 2953 RS.

205 2969 458 3010 Y.Q.O.t.u.v.
491 2972 692 3018 Legebatur
712 2971 762 3008 τίς
783 2973 812 3007 δ’
834 2975 993 3015 Εὔβοιαν.
