1930 3266
48 206 142 257 284,
163 220 214 245 ιε.
562 205 689 242 ΠΕΡΙ
720 204 830 242 ΤΟΤ
860 203 1168 241 ΣΤΕΦΑΝΟὙ.
1541 202 1626 243 297

20 592 102 632 214

23 1149 100 1190 215

25 1553 104 1594 216

28 2037 105 2079 217

171 316 275 370 δήμῳ
306 316 472 368 χαίρειν.
504 314 552 364 ἢν
583 315 657 365 μὲν
690 312 753 353 ἀπ’
785 314 905 366 ἀρχῆς
941 314 1067 365 εἴχετε
1099 311 1196 363 πρὸς
1226 312 1325 362 ἡμᾶς
1360 313 1523 363 αἵρεσιν,
1559 312 1626 352 οὐκ

170 385 313 436 ἀγνοῶ,
357 383 420 422 καὶ
453 383 541 422 τίνα
582 381 755 430 σπουδὴν
793 383 970 420 ποιεῖσθε
1001 379 1355 430 προσκαλέσασθαι
1388 379 1628 428 βουλόμενοι

171 450 398 492 Θετταλοὺς
430 450 492 489 καὶ
523 449 738 499 Θηβαίους,
764 447 821 487 ἔτι
851 448 892 486 δὲ
925 446 986 486 καὶ
1017 446 1218 488 Βοιωτούς·
1250 445 1415 496 βέλτιον
1447 444 1476 484 δ’
1501 445 1627 484 αὐτῶν
1645 456 1680 486 15

172 518 424 570 φρονούντων
455 516 518 556 καὶ
547 515 599 566 μὴ
629 513 887 565 βουλομένων
920 512 980 565 ἐφ’
1003 514 1094 564 ὑμῖν
1118 512 1361 562 ποιήσασθαι
1391 512 1460 562 τὴν
1483 513 1629 551 ἑαυτῶν

171 584 334 636 αἵρεσιν,
365 584 472 623 ἀλλὰ
507 584 604 622 κατὰ
639 582 680 622 τὸ
710 581 915 633 συμφέρον
944 579 1175 630 ἱσταμένων,
1207 583 1277 619 νῦν
1309 580 1349 628 ἐξ
1381 580 1631 629 ὑποστροφῆς

170 652 481 692 ἀποστείλαντες
518 651 627 701 ὑμεῖς
666 651 762 701 πρός
800 665 849 700 με
888 648 1078 700 πρέσβεις
1120 648 1181 687 καὶ
1220 646 1393 698 Οκήρυκα
1428 649 1630 696 συνθηκῶν

167 719 428 769 μνημονεύετε
458 717 520 758 καὶ
551 719 620 759 τὰς
649 717 796 769 ἀνοχὰς
829 717 1015 762 αἰτεῖσθε,
1049 715 1131 755 κατ’
1161 715 1275 754 οὐδὲν
1302 715 1368 766 ὑφ’
1396 715 1502 764 ἡμῶν
1531 720 1629 753 Ρπε-
1644 731 1685 753 20

168 783 502 835 πλημμελημένοι.
545 785 622 835 ἐγὼ
657 783 792 834 μέντοι
827 783 1023 824 (Ῑάκούσας
1054 785 1130 822 τῶν
1166 785 1446 833 Γπρεσβευτῶν
1485 797 1630 832 συγκα-

169 853 372 903 τατίθεμαι
394 856 473 894 τοῖς
492 850 856 903 παρακαλουμένοις
880 851 939 890 καὶ
962 851 1112 900 ἕτοιμός
1133 852 1209 900 εἰμι
1230 852 1428 889 ποιεῖσθαι
1448 851 1516 891 τὰς
1537 849 1627 888 ἀνο-

169 921 256 972 χὰς,
281 920 330 959 ἄν
350 936 423 970 περ
454 919 569 961 8τοὺς
600 919 666 958 οὐκ
699 919 822 970 ὀρθῶς
849 918 1193 969 συμβουλεύοντας
1222 919 1312 968 ὑμῖν
1341 917 1631 969 παραπέμψαν-

171 1003 234 1028 τες
253 989 319 1036 τῆς
339 987 612 1038 προσηκούσης
635 986 788 1036 ἀτιμίας
808 987 1033 1036 ῖάξιώσητε.
1064 992 1083 1009 ¹¹
1098 986 1283 1037 ἔρρωσθε.
1645 1000 1682 1031 '³5

537 1069 879 1110 ΧΑΠΟΚΡΙΣΙΣ
917 1070 1211 1110 ΘΗΒΑΙΟΙΣ.

229 1142 426 1183 Βασιλεὺς
449 1142 695 1182 Μακεδόνων
716 1143 914 1183 Φίλιππος
937 1141 1129 1191 Θηβαίων
1150 1143 1194 1196 τῇ
1216 1143 1344 1195 βουλῇ
1372 1140 1433 1180 καὶ
1453 1140 1504 1194 τῷ
1527 1139 1631 1194 δήμῳ

171 1210 337 1262 χαίρειν.
371 1207 610 1259 ἐκομισάμην
631 1208 702 1258 τὴν
721 1207 809 1260 παρ’
831 1209 937 1259 ὑμῶν
960 1208 1186 1257 ἐπιστολὴν,
1210 1206 1254 1247 δι’
1276 1208 1321 1257 ἧς
1350 1224 1415 1258 μοι
1445 1206 1515 1257 τὴν
1541 1208 1631 1257 ὁμό-

173 1293 284 1317 νοιαν
303 1276 573 1316 ἵᾶνανεοῦσθε
595 1275 657 1315 καὶ
679 1276 749 1325 τὴν
772 1276 927 1326 εἰρήνην
949 1277 1070 1318 ὅντως
1092 1275 1176 1326 ἐμοὶ
1197 1279 1356 1315 ποιεῖτε.
1387 1274 1632 1324 πυνθάνομαι
1648 1272 1730 1324 284

170 1343 305 1395 μέντοι
326 1344 421 1383 διότι
441 1345 575 1382 πᾶσαν
593 1343 685 1393 ὑμῖν
700 1341 905 1392 Ἀθηναῖοι
927 1341 1221 1393 προσφέρονται
1243 1342 1471 1393 φιλοτιμίαν
1487 1341 1633 1391 βουλό-

171 1433 282 1467 μενοι
301 1417 398 1467 ὑμᾶς
419 1415 701 1467 συγκαταίνους
721 1414 909 1467 γενέσθαι
930 1418 1009 1456 τοῖς
1028 1413 1090 1454 ὑπ’
1109 1414 1235 1454 αὐτῶν
1255 1413 1630 1466 παρακαλουμένοις.

173 1484 363 1535 πρότερον
385 1484 488 1533 Ζμὲν
510 1483 579 1522 οὖν
599 1480 705 1533 ὑμῶν
728 1483 1045 1534 κατεγίγνωσκον
1067 1482 1130 1521 ἐπὶ
1158 1484 1209 1537 τῷ
1237 1481 1405 1532 μέλλειν
1425 1483 1633 1521 πείθεσθαι
1647 1492 1663 1523 5

174 1554 256 1592 ταῖς
286 1551 445 1590 ἐκείνων
468 1550 602 1590 ἐλπίσι
632 1550 695 1589 καὶ
719 1550 1001 1589 ἐπακολουθεῖν
1023 1549 1150 1589 αὐτῶν
1171 1551 1214 1600 τῇ
1235 1548 1475 1600 προαιρέσει.
1509 1552 1579 1588 νῦν
1602 1547 1631 1588 δ’

177 1618 356 1670 ἐπιγνοὺς
385 1619 482 1668 ὑμᾶς
512 1619 590 1657 ar&
618 1616 714 1669 πρὸς
744 1616 840 1667 ἡμᾶς
871 1617 1099 1666 ἐζητηκότας
1131 1616 1238 1669 ἔχειν
1260 1616 1415 1668 εἰρήνην
1435 1619 1591 1667 μᾶλλον
1611 1614 1634 1665 ἦ

172 1689 254 1727 ταῖς
284 1685 426 1737 ἑτέρων
448 1686 731 1725 ἐπακολουθεῖν
751 1685 934 1736 γνώμαις,
957 1684 1084 1734 ἥσθην
1106 1684 1168 1723 καὶ
1187 1686 1344 1734 μᾶλλον
1364 1685 1460 1734 ὑμᾶς
1489 1684 1632 1723 ἐπαινῶ

172 1753 190 1777 b
210 1755 306 1793 κατὰ
326 1755 473 1799 πολλὰ,
496 1752 671 1803 μάλιστα
693 1751 722 1792 δ’
747 1753 809 1792 ἐπὶ
829 1754 880 1806 τῷ
902 1752 1202 1801 βουλεύσασθαι
1223 1751 1311 1802 περὶ
1332 1752 1478 1791 τούτων
1499 1752 1631 1802 ἀσφα-
1653 1769 1689 1789 10

173 1820 364 1872 λέστερον
387 1820 448 1860 καὶ
473 1821 520 1859 τὰ
542 1819 639 1870 πρὸς
668 1819 764 1870 ἡμᾶς
798 1819 905 1871 ἔχειν
936 1819 978 1858 ἐν
1008 1818 1149 1872 εὐνοίᾳ·
1183 1819 1278 1870 ὅπερ
1307 1819 1351 1858 οὐ
1377 1821 1518 1870 μικρὰν
1545 1820 1634 1868 ὑμῖν

174 1889 300 1928 οἴσειν
328 1887 471 1936 ἐλπίζω
499 1886 635 1938 ῥοπὴν,
660 1886 729 1925 ἐάν
750 1903 822 1937 περ
853 1885 915 1925 ἐπὶ
943 1885 1081 1934 ταύτης
1107 1885 1249 1936 μένητε
1278 1888 1342 1936 τῆς
1369 1885 1633 1937 επροθέσεως.

176 1955 360 2006 ἔρρωσθε.

195 2022 338 2073 Οὕτω
383 2018 583 2074 ᾶδιαθεὶς
622 2022 646 2071 ὁ
687 2022 926 2074 Φίλιππος
970 2020 1054 2074 τὰς
1091 2020 1253 2074 πόλεις
1292 2021 1411 2086 πρὸς
1455 2019 1635 2084 θάλλή-

120 2114 211 2160 λας
256 2104 332 2156 διὰ
371 2103 568 2167 τούτων,
611 2107 685 2155 καὶ
729 2104 909 2159 τούτοις
952 2105 1165 2171 ἐπαρθεὶς
1207 2109 1303 2157 τοῖς
1343 2105 1634 2173 ψηφίσμασι
1652 2126 1686 2158 ι5

457 2248 490 2269 ας

176 2283 195 2303 ⁰
215 2277 354 2324 κήρυκα]
376 2276 500 2323 κήρυκα
520 2276 562 2310 Β.
592 2277 732 2323 κήρυκας
752 2277 830 2311 libri
850 2278 985 2323 reliqui.
1083 2283 1102 2310 P
1117 2276 1456 2323 πεπλημμελημένοι]
1478 2279 1635 2321 πεπλημ-

140 2329 216 2359 ελημ

122 2364 216 2409 μένοι
236 2365 273 2399 S.
303 2365 537 2409 πεπληγμένοι
556 2363 753 2398 Y.O.t.u.v.
842 2369 861 2396 (1
881 2362 1030 2399 ἀκούσας
1049 2369 1130 2398 ante
1151 2377 1293 2410 συγκατ.
1317 2363 1402 2398 O.u.
1497 2369 1512 2387 Γ
1531 2377 1638 2408 πρεσ-

122 2417 270 2462 βευτῶν]
293 2419 498 2463 πρεσβυτῶν
518 2430 546 2452 r.
679 2422 694 2441 S
714 2416 809 2463 τοὺς]
835 2415 975 2451 τούτους
998 2417 1034 2452 S.
1164 2416 1178 2442 t
1197 2417 1382 2463 ἀξιώσητε]
1407 2417 1575 2461 ἐξεώσητε
1596 2417 1638 2452 Y.

124 2476 145 2495 ¹¹
165 2471 318 2517 ἔρρωσθε
337 2483 408 2505 om.
427 2470 471 2509 Q.
584 2476 601 2493 Χ
622 2470 876 2516 ΑΠΟΚΡΙΣΙΣ]
902 2484 1097 2515 αποκρισεις
1118 2470 1363 2515 F.S.Q.p.u.v.
1484 2476 1502 2502 y
1521 2469 1638 2503 ἀνανε-

124 2525 229 2558 οῦσθε
248 2525 316 2558 hoe
334 2525 412 2558 loco
432 2524 533 2569 posui
554 2536 634 2558 cum
654 2524 700 2562 Q.
741 2523 941 2569 Legebatur
960 2529 1041 2568 post
1061 2522 1204 2569 εἰρήνην.
1250 2522 1446 2567 Συμμαχίαν
1466 2524 1639 2557 ποιεῖσθαι

124 2577 177 2611 καὶ
204 2578 265 2621 τὴν
292 2578 455 2622 πατρικὴν
483 2578 604 2622 φιλίαν
623 2576 847 2610 ἀνανεοῦσθαι
877 2577 965 2610 dixit
986 2577 1246 2611 Demosthenes
1272 2589 1306 2622 p.
1329 2574 1418 2616 660,
1444 2574 1502 2609 18.
1554 2577 1639 2609 Post

124 2629 255 2675 εἰρήνην
272 2631 309 2664 in
329 2630 373 2669 Q.
395 2635 448 2664 est
468 2631 603 2671 lacuna,
624 2630 724 2674 cujus
750 2642 828 2675 quae
854 2630 899 2663 sit
925 2630 1014 2663 ratio
1034 2642 1076 2664 ex
1103 2630 1275 2675 scriptura
1295 2629 1423 2663 codicis
1454 2630 1488 2662 S.
1511 2629 1639 2663 intelli-

125 2683 229 2729 gitur,
250 2684 310 2729 qui
337 2689 418 2729 post
447 2683 589 2729 εἰρήνην,
610 2683 740 2717 omisso
761 2683 866 2717 verbo
891 2682 1109 2724 ἀνανεοῦσθε,
1129 2684 1192 2716 has
1222 2683 1316 2716 solus
1345 2682 1494 2715 servavit
1513 2682 1640 2716 veteris

501 2734 536 2765 ὄν

124 2779 283 2813 lectionis
311 2779 475 2825 reliquias
504 2794 578 2813 τωσ
598 2793 671 2823 εμοι
700 2793 766 2813 ειτε
787 2779 911 2822 (literis
940 2777 978 2812 ὅν
1007 2790 1027 2811 a
1052 2790 1159 2812 manu
1179 2777 1284 2814 tertia
1303 2778 1575 2823 superscflptis),
1597 2790 1640 2812 ex

126 2832 263 2878 quibus,
284 2833 416 2867 adscita
435 2833 577 2867 Dobraei
597 2832 799 2877 conjectura
817 2833 954 2872 ποιεῖτε,
970 2831 1038 2865 feci
1058 2830 1162 2867 ὅντως
1181 2831 1254 2875 ἐμοὶ
1273 2833 1414 2870 ποιεῖτε,
1431 2836 1472 2864 ut
1490 2831 1640 2877 intelligi

127 2885 250 2919 saltem
269 2886 344 2920 haec
363 2891 519 2932 possent.
632 2893 647 2911 ⁷-
666 2886 728 2929 μέν
747 2897 817 2919 om.
837 2897 902 2930 p.r.
1027 2890 1046 2909 a
1065 2885 1123 2931 τὰ]
1149 2884 1209 2928 τὴν
1228 2884 1381 2929 Q.k.p.s.
1497 2881 1516 2908 b
1538 2885 1637 2930 κατὰ]

128 2939 180 2972 καὶ
199 2939 240 2972 τὰ
260 2939 588 2985 F.S.Y.Q.O.p.r.v.
718 2945 733 2963 ί·
753 2938 964 2983 προθέσεως]
990 2936 1137 2973 πίστεως
1159 2943 1186 2972 t.
1321 2934 1338 2961 d
1361 2938 1501 2984 διαθεὶς]
1528 2938 1639 2971 διατε-

127 2991 195 3026 θεὶς
213 2992 248 3025 k.
359 2997 375 3016 θ
395 2992 565 3037 ἀλλήλας]
590 2991 764 3035 ἀλλήλους
783 2991 825 3025 Y.

184 3067 276 3093 vox..
301 3068 331 3093 1.
845 3069 871 3095 Q
892 3070 919 3107 q
