1930 3266
1863 0 1927 188 ff

260 187 344 230 276
805 188 1231 227 ΔΗΜΟΣΘΕΝΟΎΣ
1318 185 1399 225 On.
1420 183 1605 223 XVIII.
1628 197 1668 238 p.
1689 182 1785 231 262,
1805 197 1896 225 19-
1928 185 1930 210 3

262 300 315 350 οὐ
353 298 542 365 τριήρης
580 300 671 350 οὔτ’
713 299 804 367 ἔξω
842 297 1232 367 ίκαταληφθεῖσα
1269 297 1486 348 ἀπώλετο
1523 299 1581 362 τῇ
1624 294 1776 356 πόλει,

171 397 247 442 137
263 384 356 434 οὔτ’
386 384 527 433 αὐτοῦ
562 383 856 449 ἕάπελείφθη
895 382 948 431 οὐ
987 381 1216 444 δυναμένη
1254 379 1568 445 11ἀνοίγεσθαι.
1631 378 1777 428 καίτοι
1791 397 1830 420 20

263 467 410 518 ἰκατὰ
448 466 554 519 τοὺς
592 466 844 532 προτέρους
890 464 1057 527 νόμους
1102 463 1287 514 ἅπαντα
1328 469 1476 514 ταῦτα
1513 462 1775 527 1[(ἐγίγνετο.

265 550 319 602 τὸ
355 552 391 601 δ’
422 550 581 610 α’ίτιον,
615 551 663 599 ἐν
697 553 793 601 τοῖς
830 548 1030 611 πένησιν
1068 546 1126 610 ἧν
1159 546 1238 598 1τὸ
1277 551 1576 612 λειτουργεῖν·
1617 544 1783 597 πολλὰ

267 633 364 697 ⁸¹5⁷>
398 632 457 684 τὰ
495 631 700 683 ἀδύνατα
739 631 1029 690 συνέβαινεν.
1089 629 1181 695 ἐγὼ
1217 634 1257 681 δ’
1286 632 1335 680 ἐκ
1369 635 1463 680 τῶν
1496 628 1686 695 ἀπόρων
1720 632 1783 682 εἷς

267 715 374 770 τοὺς
406 715 632 781 ἐμπόρους
667 715 927 779 μετήνεγκα
953 713 1065 767 “τὰς
1094 715 1413 780 τριηραρχίας·
1452 712 1588 764 πάντ’
1617 713 1698 763 οὖν
1724 711 1783 762 τὰ
1795 733 1833 765 ²5

178 809 254 863 138
270 799 432 850 δέοντα
478 800 702 864 ἐγίγνετο.
763 799 839 848 καὶ
882 795 976 860 μὴν
1021 799 1096 847 καὶ
1139 798 1236 848 κατ’
1278 795 1426 847 οαύτὸ
1471 801 1609 846 τοῦτο
1653 793 1785 863 ἄξιός
1924 766 1930 832 ’

269 888 360 945 εἰμι
399 884 588 934 ἐπαίνου
629 886 798 948 τυχεῖν,
839 880 910 930 ὅτι
954 878 1111 931 πάντα
1155 879 1215 930 τὰ
1252 885 1442 930 τοιαῦτα
1486 879 1788 946 προῃρούμην
1916 854 1930 976 u

269 966 606 1030 πολιτεύματα,
643 967 723 1034 ἀφ’
763 963 826 1014 ῶν
867 962 963 1027 ἅμα
1001 963 1136 1032 δόξαι
1177 965 1253 1013 καὶ
1295 965 1423 1026 τιμαὶ
1461 964 1537 1013 καὶ
1576 960 1789 1024 δυνάμεις
1917 974 1923 1035 ἱ

271 1052 551 1112 συνέβαινον
589 1054 647 1117 τῇ
683 1048 836 1101 πόλει·
886 1048 1133 1109 βάσκανον
1171 1046 1219 1097 δὲ
1262 1048 1337 1097 καὶ
1379 1044 1548 1112 πικρὸν
1586 1048 1661 1097 καὶ
1699 1068 1784 1096 κα·
1803 1050 1880 1105 263

273 1136 437 1198 κόηθες
463 1134 594 1185 οὐδέν
620 1135 723 1183 ἐστι
748 1133 1010 1194 πολίτευμα
1037 1129 1160 1194 ἐμὸν,
1189 1129 1292 1180 οὐδὲ
1318 1129 1549 1192 ταπεινὸν,
1577 1128 1681 1180 οὐδὲ
1708 1132 1791 1193 τῆς

183 1239 261 1280 139
274 1218 457 1271 πόλεως
483 1217 687 1286 ἀνάξιον.
738 1216 880 1268 ταύτὸ
908 1217 1062 1266 τοίνυν
1087 1214 1353 1281 ἧθοςέχων
1383 1214 1431 1264 ε”ν
1463 1237 1513 1265 τε
1547 1219 1643 1268 τοῖς
1674 1212 1793 1265 κατὰ

275 1303 359 1368 τὴν
393 1303 537 1354 πόλιν
571 1302 888 1364 πολιτεύμασι
922 1302 998 1351 καὶ
1027 1302 1103 1350 Ρέν
1129 1304 1225 1353 τοῖς
1251 1299 1549 1362 Ἑλληνικοῖς
1577 1297 1794 1366 φανήσο-

275 1407 372 1452 μαι·
413 1388 516 1438 οὔτε
542 1386 634 1453 γὰρ
664 1388 712 1436 ἐν
744 1389 802 1452 τῇ
833 1384 972 1436 πόλει
1006 1383 1090 1437 τὰς
1123 1383 1254 1449 παρὰ
1287 1387 1381 1433 τῶν
1416 1383 1665 1433 πλουσίων
1697 1381 1822 1449 χοὶ-5

276 1494 406 1538 ριτας
440 1475 632 1533 μᾶλλον
663 1468 691 1534 ἦ
724 1467 782 1519 τὰ
812 1473 907 1519 τῶν
940 1472 1140 1519 πολλῶν
1175 1468 1328 1517 δίκαια
1361 1465 1568 1530 εἱλόμην,
1596 1467 1719 1516 qoz’J'r'
1746 1467 1796 1516 ἐν

277 1559 372 1608 τοῖς
397 1555 696 1618 “Ελληνικοῖς
722 1551 810 1603 ΙΓτοὶ
837 1552 1081 1602 Φιλίππου
1108 1553 1235 1616 δῶρα
1269 1551 1344 1601 καὶ
1377 1549 1462 1613 τὴν
1489 1549 1646 1618 ξενίαν
1671 1548 1794 1615 ἠγά-

278 1661 415 1702 πησα
440 1640 541 1688 ἀντὶ
567 1641 660 1688 τῶν
687 1641 817 1703 κοινῇ
842 1640 964 1686 πᾶσι
989 1640 1084 1688 τοῖς
1104 1633 1324 1698 ”Ελλησι
1349 1633 1707 1702 συμφερόντων.

189 1736 268 1776 140
355 1723 597 1786 Ἱ-Ιγοῦμαι
628 1721 785 1771 τοίνυν
811 1718 980 1770 λοιπὸν
1006 1717 1124 1769 εἶναί
1150 1726 1165 1745 ⁵
1181 1742 1259 1783 μοι
1297 1721 1403 1784 περὶ
1437 1724 1520 1769 τοῦ
1559 1717 1800 1784 κηρύγμα-

282 1829 361 1859 τος
399 1810 541 1856 εἰπεῖν
580 1806 655 1855 καὶ
698 1809 793 1854 τῶν
832 1804 1050 1853 εὐθυνῶν·
1104 1801 1158 1853 τὸ
1197 1801 1289 1868 γὰρ
1329 1805 1391 1856 ὡς
1430 1801 1491 1852 τὰ
1535 1800 1710 1868 ἄριστά
1753 1823 1801 1851 τε
1816 1827 1854 1848 ιο

283 1890 514 1956 ἔπραττον
555 1890 630 1938 καὶ
672 1887 747 1937 διὰ
791 1886 968 1939 παντὸς
1014 1887 1171 1939 εὔνους
1215 1888 1305 1948 εἰμὶ
1350 1887 1425 1936 καὶ
1471 1883 1711 1951 πρόθυμος
1753 1884 1803 1934 εὖ

283 1977 431 2024 ποιεῖν
473 1973 603 2035 ὑμᾶς,
643 1974 810 2023 ἱκανῶς
854 1972 904 2020 ἐκ
949 1974 1043 2019 τῶν
1088 1969 1337 2035 εἰρημένων
1382 1968 1686 2033 δεδηλῶσθαί
1726 1990 1805 2032 μοι

286 2056 468 2122 νομίζω.
526 2055 706 2105 ἵκαίτοι
750 2053 809 2104 τὰ
848 2053 1054 2118 μέγιστά
1096 2060 1117 2078 ¹¹
1134 2077 1188 2118 γε
1232 2058 1327 2103 τῶν
1365 2053 1806 2116 Χπεπολιτευμένων

287 2142 362 2191 καὶ
387 2138 730 2204 πεπραγμένων
755 2139 937 2205 ἐμαυτῷ
968 2138 1261 2202 παραλείπω,
1289 2135 1643 2200 ὑπολαμβάνων
1677 2140 1855 2202 πρῶ-15

287 2247 369 2274 τον
408 2223 492 2285 μὲν
527 2222 698 2290 ἐφεξῆς
733 2221 839 2275 τοὺς
875 2222 982 2286 περὶ
1021 2222 1162 2271 αὐτοῦ
1201 2226 1284 2271 τοῦ
1322 2218 1597 2286 παρανόμου
1635 2218 1810 2284 λόγους

290 2307 550 2357 ἀποδοῦναί
577 2328 633 2369 με
668 2309 774 2366 δεῖν,
802 2302 915 2366 εἶτα,
943 2302 1029 2355 κᾶν
1054 2303 1199 2368 μηδὲν
1225 2304 1338 2355 ε’ίπω
1369 2306 1474 2370 περὶ
1505 2308 1599 2354 τῶν
1629 2307 1810 2354 λοιπῶν

290 2389 660 2452 πολιτευμάτων,
701 2389 870 2452 ὁμοίως
920 2390 1028 2454 παρ’
1071 2390 1200 2452 ὑμῶν
1237 2387 1457 2457 ‘'exaio-790
1500 2386 1555 2438 τὸ
1598 2386 1810 2440 συνειδὸς

292 2474 552 2540 Ζὑπάρχειν
584 2495 675 2536 μοι.

349 2585 363 2612 f
381 2584 656 2632 καταληφθεῖσα]
680 2585 948 2630 καταλειφθεῖσα
967 2583 1413 2623 A.F.S.Y.Q.O.k.r.t.u.V.
1556 2589 1578 2618 g
1595 2582 1806 2629 ἀπελείφθη]

295 2650 478 2719 ἀπελεηιφθη
500 2674 535 2707 S.
624 2669 645 2696 h
665 2671 865 2718 ἀνάγεσθαι]
890 2648 1082 2717 ἀπάγεσθαι
1103 2671 1141 2705 F.
1246 2668 1256 2695 i
1277 2671 1376 2718 κατὰ]
1399 2671 1452 2705 καὶ
1472 2683 1499 2705 S.
1594 2667 1617 2695 k
1637 2669 1807 2717 ἐγίγνετο]

297 2727 430 2773 ἐγένετο
451 2727 495 2761 Ο.
590 2723 601 2750 Ῑ
621 2726 660 2759 τὸ
679 2727 891 2771 λειτουργεῖν
909 2725 1025 2759 πολλὰ
1047 2725 1130 2763 S.Q.
1160 2725 1199 2758 τὸ
1218 2725 1262 2769 μὴ
1283 2724 1450 2759 δύνασθαι
1467 2725 1678 2770 λειτουργεῖν
1695 2723 1813 2757 πολλὰ

297 2782 410 2815 A.k.s.
440 2781 479 2814 τὸ
499 2781 709 2825 λειτουργεῖν
729 2779 772 2822 μὴ
793 2778 958 2813 δύνασθαι
976 2779 1092 2812 πολλὰ
1111 2778 1217 2824 vulgo
1238 2784 1273 2813 et
1291 2791 1413 2825 margo
1435 2779 1470 2812 S.
1591 2783 1622 2802 ¹¹¹
1642 2776 1700 2823 δὴ]
1723 2775 1764 2811 ἂν
1782 2789 1811 2812 r.

297 2834 337 2877 δὴ
358 2833 398 2868 ἂν
417 2834 460 2868 Y.
597 2839 616 2857 1¹
636 2833 696 2868 τὰς
715 2845 784 2867 0111.
807 2832 852 2866 O.
979 2837 997 2856 0
1017 2832 1100 2866 αὐτὸ
1119 2844 1188 2865 om.
1210 2832 1338 2867 A.Y.k.
1467 2837 1486 2865 Ρ
1506 2831 1541 2865 ἐν
1558 2832 1629 2866 τοῖς
1649 2842 1719 2865 om.
1735 2830 1810 2865 Ys.

298 2893 317 2920 (1
337 2887 424 2933 οὔτ’]
449 2886 519 2921 οὐδ’
542 2887 587 2921 O.
675 2891 689 2910 1‘
707 2887 750 2919 τὰ
769 2898 839 2919 om.
860 2886 1001 2931 A.p.r.s.
1097 2890 1112 2909 S
1131 2900 1188 2928 μοι
1208 2898 1278 2919 om.
1296 2886 1338 2920 Y.
1361 2886 1480 2920 delent
1498 2897 1564 2930 p.r.
1651 2882 1666 2909 t
1685 2882 1809 2930 καίτοι]

298 2941 351 2974 καί
369 2955 426 2984 μοι
446 2942 518 2975 A.r.
683 2946 705 2965 Π
724 2939 780 2986 γε]
803 2954 840 2973 τε
861 2939 942 2973 O.u.
1102 2944 1122 2963 X
1141 2938 1453 2984 πεπολιτευμένων]
1476 2938 1748 2983 πολιτευομένων
1768 2936 1813 2971 Ο.

298 2999 314 3023 5
335 2994 484 3041 ἑκάστῳ]
510 2994 655 3028 ἑκάστου
676 2993 956 3039 F.Y.O.p.t.u.v.
1069 2997 1087 3016 Ζ
1109 2992 1291 3039 ὑπάρχειν]
1317 2993 1461 3038 ὑπάρχει
1481 2992 1521 3026 F.
