1903 3271
282 170 370 214 376
850 175 1278 213 ΔΗΜΟΣΘΕΝΟΎΣ
1401 174 1485 212 οη.
1511 173 1648 213 XIX.
1672 188 1712 227 p.
1730 183 1857 227 359,
1895 148 1901 209 ⁵.

214 294 266 345 65
281 283 467 336 ἅπαντα
492 283 574 335 τὸν
599 283 770 352 χρόνον
796 283 923 348 ἦσαν
949 290 990 336 οἱ
1017 289 1194 338 Φωκεῖς
1220 289 1352 354 σῷοι.
1393 286 1564 349 ἥκομεν
1590 284 1638 335 δὲ
1664 287 1798 351 δεῦρο

283 367 376 419 ἀπὸ
414 371 497 431 τῆς
529 370 787 434 πρεσβείας
818 372 901 431 τῆς
933 371 1006 419 ἐπὶ
1044 368 1151 422 τοὺς
1185 368 1349 434 ὅρκους
1383 370 1516 436 τρίτῃ
1549 371 1624 419 ἐπὶ
1660 369 1852 420 (ἷδέκαιο

283 458 397 502 Γτοῦ
441 457 813 520 σκιροφοριῶνος
854 450 1013 515 μηνὸς,
1059 453 1133 501 καὶ
1175 453 1331 516 παρῆν
1372 453 1429 501 ⁵6
1469 452 1711 504 Φίλιππος
1752 453 1800 501 ἐν

286 536 471 589 Πύλαις
509 536 627 599 ἤδη
667 537 742 584 καὶ
778 539 873 588 τοῖς
913 538 1206 585 Φωκεῦσινιι
1222 534 1546 600 ἐπηγγέλλετο
1580 532 1644 584 ὧν
1670 533 1802 584 οὐδὲν

285 620 530 671 ἐπίστευον
568 620 741 670 ἐκεῖνοι.
781 623 978 682 σημεῖον
1012 618 1076 668 δε·
1119 619 1172 669 οὐ
1213 618 1316 718 γὰρ
1345 617 1401 669 ἂν
1436 620 1552 684 δεῦρ’
1591 619 1703 683 ἧκον
1740 621 1802 672 ὡς

287 705 418 766 ὑμᾶς.
462 726 489 765 η
529 703 567 752 δ’
605 702 834 766 ἐκκλησία
868 701 986 764 μετὰ
1019 708 1180 764 ταῦτα,
1207 704 1254 752 ἐν
1289 700 1318 769 ῂ
1353 702 1509 753 πάντα
1545 701 1604 753 τὰ
1640 702 1795 769 πράγ-
1818 722 1853 755 ¹5

285 790 395 849 ματ’
446 785 744 835 Χάπώλεσαν
795 785 920 835 οὗτοι
984 785 1278 853 ψευσάμενοι
1341 788 1417 836 καὶ
1467 787 1803 854 φενακίσαντες

738 870 747 884 5
784 871 797 887 N

287 871 442 932 )’ὑμᾶς,
481 873 539 935 τῇ
578 869 685 936 ἕκτῃ
725 892 799 919 επι
844 867 983 919 Ζδέκα
1020 870 1253 935 ἓέγίγνετο
1297 876 1380 921 τοῦ
1419 874 1803 937 σκιροφοριῶνος.

220 963 273 1002 66
287 952 381 1004 ἀπὸ
426 954 580 1003 τοίνυν
624 952 796 1016 ταύτης
833 958 1074 1015 πεμπταῖα
1113 952 1386 1019 ἱ’λογίζομαι
1421 952 1480 1004 τὰ
1520 953 1642 1019 παρ’,
1678 955 1806 1018 ὑμῶν

287 1038 335 1087 ἐν
361 1042 456 1089 τοῖς
496 1040 714 1086 Φωκεῦσι
739 1036 978 1101 γενέσθαι·
1019 1040 1244 1102 παρῆσαν
1274 1036 1366 1103 γὰρ
1405 1041 1447 1088 οἱ
1484 1042 1578 1088 τῶν
1605 1038 1807 1089 Φωκέων

287 1119 513 1186 πρέσβεις
562 1119 737 1181 ἐνθάδε,
777 1123 852 1170 καὶ
903 1119 961 1184 ἦν
1002 1121 1157 1174 αὐτοῖς
1208 1124 1282 1172 καὶ
1327 1122 1376 1171 τί
1423 1123 1804 1186 εἀπαγγελοῦσιν
1817 1149 1849 1170 2

289 1204 414 1255 οὗτοι
457 1207 531 1254 καὶ
569 1205 617 1254 τί
651 1208 905 1272 ψηφιεῖσθ’
952 1206 1076 1267 ὑμεῖς
1117 1204 1331 1268 ἐπιμελὲς
1373 1203 1585 1257 ᾱεῖδέναι.
1641 1206 1806 1256 οὐκοῦν

289 1287 426 1350 εἶκάς,
467 1285 496 1354 ᾗ
538 1288 721 1351 τίθεμεν
765 1289 998 1339 πυθέσθαι
1039 1288 1146 1342 τοὺς
1186 1289 1377 1342 Φωκεάς
1415 1288 1474 1339 τὰ
1511 1291 1619 1356 παρ’
1664 1291 1804 1354 ὑμῶν·

291 1370 384 1423 ἀπὸ
417 1371 510 1438 γὰρ
549 1375 631 1436 τῆς
662 1373 796 1436 ἕκτης
831 1377 894 1426 εἷς
929 1372 1103 1437 ταύτην
1139 1374 1329 1437 πέμπτη
1363 1374 1587 1438 γίγνεται.
1632 1374 1808 1440 ὑστέρα
1879 1374 1899 1423 31

290 1456 445 1507 τοίνυν
472 1455 655 1519 δεκάτη,
681 1454 832 1520 ἐνάτη,
869 1456 1030 1521 ὀγδόη·
1073 1457 1219 1525 ταύτῃ
1257 1457 1484 1522 ἐγίγνονθ’
1513 1461 1560 1508 αἱ
1586 1459 1806 1518 σπονδαὶ,
1820 1460 1881 1516 ις’

293 1541 369 1590 καὶ
413 1539 569 1591 πάντα
608 1542 741 1590 τάκεῖ
778 1538 1016 1606 πράγματ’
1063 1540 1330 1591 εἴοίπολώλει
1371 1543 1447 1590 καὶ
1487 1538 1624 1594 τέλος
1666 1538 1804 1607 εἶχεν.
1879 1535 1880 1538 ¹

226 1630 276 1683 67
293 1627 359 1693 τῷ
398 1622 562 1674 frosm
602 1626 782 1687 δῆλον;
827 1628 884 1690 τῇ
924 1622 1109 1689 τετράδι
1145 1624 1393 1691 φθίνοντος
1432 1635 1455 1671 g
1474 1623 1810 1689 ἠκκλησιάζετε

291 1707 377 1772 μὲν
403 1707 526 1759 1’τόθ’
557 1710 681 1772 ὑμεῖς
708 1710 755 1758 ἐν
784 1712 996 1774 Πειραιεῖ
1022 1710 1128 1773 περὶ
1160 1712 1253 1758 τῶν
1279 1709 1326 1757 ἐν
1351 1712 1447 1760 τοῖς
1486 1708 1702 1773 νεωρίοις,
1728 1707 1809 1771 ἧκε

292 1791 341 1842 δὲ
389 1791 651 1857 ἱΔερκύλος
702 1794 751 1842 ἐκ
795 1793 1052 1854 Χαλκίδος,
1094 1793 1169 1841 καὶ
1212 1788 1546 1856 1(οἰπήγγελλεν
1589 1792 1696 1853 ὑμῖν
1739 1789 1810 1840 ὅτι
1821 1810 1863 1852 3

289 1875 446 1927 πάντα
491 1875 550 1926 τὰ
599 1875 835 1942 πράγματ’
875 1874 1170 1943 1ἐγκεχείρικε
1209 1875 1440 1938 Θηβαίοις
1483 1876 1508 1926 ὁ
1555 1874 1810 1936 Φίλιππος,
1856 1867 1876 1922 ἐ

292 1963 366 2010 καὶ
406 1959 626 2024 πέμπτην
657 1958 809 2010 ΠΙεἶναι
844 1959 1018 2023 ταύτην
1059 1959 1234 2026 ἡμέραν
1270 1959 1489 2024 ἐλογίζετ’
1527 1960 1608 2028 ἀφ’
1647 1959 1700 2009 οὗ
1732 1981 1810 2024 γε-

291 2042 490 2109 γόνασιν
516 2047 563 2094 αἱ
588 2044 810 2094 σπονδαί.
854 2041 999 2108 ὀγδόη
1034 2044 1202 2105 τοίνυν,
1236 2042 1427 2107 ἑβδόμη,
1455 2043 1577 2107 ἕκτη,
1601 2043 1837 2107 πέμπτη,5

291 2126 467 2193 τετράς·
508 2125 620 2177 αὐτὸ
647 2127 898 2191 συμβαίνει
931 2131 993 2180 εἷς
1030 2127 1204 2190 ταύτην
1230 2125 1344 2177 εἶναι
1368 2125 1602 2190 πέμπτην.
1645 2128 1810 2178 οὐκοῦν

347 2314 366 2341 q
387 2307 482 2354 δέκα]
507 2308 626 2352 δεκατη
649 2308 856 2343 S.Y.O.t.u.
879 2314 913 2342 et
933 2323 987 2354 γρ.
1010 2308 1099 2347 F.Q.
1225 2314 1240 2333 Γ
1259 2310 1320 2342 τοῦ
1341 2320 1410 2343 om.
1435 2308 1552 2342 S.Y.r.
1683 2313 1696 2334 S
1712 2308 1730 2340 ὁ
1750 2307 1810 2341 Φί·

292 2363 419 2397 λιππος
439 2362 473 2395 ἐν
493 2363 624 2397 Πύλαις
645 2362 726 2396 S.Y.
758 2362 792 2395 ἐν
807 2360 938 2396 Πύλαις
958 2363 976 2395 ὁ
996 2362 1168 2396 Φίλιππος
1186 2363 1304 2408 vulgo.
1436 2360 1451 2386 t
1470 2360 1549 2407 ἤδη]
1574 2362 1640 2404 ἤση
1660 2373 1697 2395 u.
1728 2358 1811 2394 εἴσω

293 2427 415 2460 margo
434 2427 469 2449 u.
569 2420 589 2439 ¹1
616 2415 866 2460 ἐπηγγελλετο]
889 2413 1135 2460 ἐπηγγείλλετο
1156 2427 1182 2449 s.
1281 2420 1300 2439 Χ
1320 2414 1521 2461 ἀπώλεσαν]
1545 2414 1811 2448 ἀπολωλέκεσαν

292 2470 361 2503 k.s.
407 2468 449 2502 In
469 2469 512 2502 A.
532 2468 642 2502 literae
663 2468 805 2502 ἀπολωλ
826 2474 908 2502 sunt
928 2480 947 2501 a
966 2481 1014 2503 m.
1037 2469 1192 2513 antiqua,
1213 2470 1333 2502 ἐκεσον
1353 2481 1372 2502 a
1392 2481 1437 2502 m.
1458 2480 1528 2502 rec.
1666 2473 1683 2497 Υ
1704 2466 1805 2513 ὑμᾶς]

292 2522 376 2566 ἡμᾶς
396 2534 428 2555 v.
546 2527 563 2546 Ζ
586 2521 679 2567 δέκα]
705 2522 824 2565 δεκάτη
845 2534 873 2556 r.
999 2527 1017 2546 a
1038 2522 1192 2567 ἐγίγνετο
1211 2524 1273 2555 τοῦ
1294 2523 1435 2566 σκιροφ.
1459 2521 1545 2555 S.Y.
1576 2520 1730 2567 ἐγίγνετο
1750 2522 1810 2554 τοῦ

292 2576 433 2620 σκιροφ.
450 2576 553 2619 μηνός
568 2576 683 2611 A.k.s.
713 2578 854 2620 σκιροφ.
871 2573 1024 2621 ἐγίγνετο
1043 2588 1070 2609 r.
1101 2577 1162 2608 τοῦ
1183 2577 1323 2619 σκιροφ.
1341 2574 1493 2621 ἐγίγνετο
1513 2575 1632 2620 vulgo.
1719 2571 1736 2594 b
1750 2575 1810 2607 λο-

290 2628 441 2674 γίζομαι]
462 2629 640 2674 λογίζομαι
661 2629 712 2662 καὶ
732 2641 758 2662 r.
828 2634 843 2653 θ
863 2628 1138 2674 ἀπαγγελοῦσιν]
1157 2629 1440 2674 ἀπαγγέλλουσιν
1453 2627 1659 2667 A.S.Q.k.s.
1725 2624 1741 2647 d
1761 2627 1807 2660 εἷ-

293 2682 383 2716 δέναι
403 2682 439 2715 in
458 2697 514 2727 γρ.
539 2682 574 2715 S.
596 2690 631 2718 et
650 2687 767 2727 potest
787 2683 918 2717 abesse.
1004 2688 1019 2706 e
1039 2681 1230 2727 ἀπολώλει]
1255 2681 1435 2716 ἀπωλώλει
1454 2681 1572 2716 F.Y.s.
1658 2677 1673 2705 f
1687 2679 1807 2726 τοῦτο]

291 2769 414 2803 τούτου
435 2782 461 2803 r.
620 2775 640 2803 g
668 2768 908 2814 ἠκκλησιάζετε
930 2770 1077 2805 S.Y.t.v.
1107 2756 1346 2813 ἧκκλησιάζετε
1367 2769 1405 2803 F.
1435 2768 1672 2812 ἐκκλησιάζετε
1690 2768 1808 2814 vulgo.

293 2822 307 2842 ¹·
329 2821 399 2856 τόθ’
416 2835 486 2856 om.
507 2824 623 2858 A.k.s.
734 2820 742 2847 i
763 2822 935 2868 Δερκύλος
956 2824 1156 2862 F.Y.Q.t.v.
1176 2829 1210 2857 et
1230 2823 1360 2857 omisso
1380 2828 1527 2857 accentu
1545 2834 1600 2868 pr.
1623 2821 1660 2856 S.
1691 2821 1808 2866 δερκῦ-

291 2877 353 2910 λος
373 2888 440 2910 1·.u.
470 2876 629 2921 δέρκυλος
648 2877 693 2911 Ο.
709 2884 742 2911 et
758 2889 826 2911 rec.
846 2877 882 2911 S.
913 2876 1100 2923 δερκύλλος
1113 2878 1226 2911 A.k.s.
1257 2876 1451 2922 Δέρκυλλος
1470 2876 1589 2921 vulgo.
1661 2871 1682 2899 k
1701 2873 1809 2920 ἀπήγ-

291 2931 417 2974 γελλεν
438 2930 567 2965 F.S.Y.
590 2937 624 2964 et
644 2945 700 2976 γρ.
721 2931 766 2969 Q.
793 2931 992 2976 chebatur
1012 2930 1228 2976 ἀπήγγειλεν.
1326 2927 1335 2953 l
1357 2928 1576 2975 ἐγκεχείρικε]
1602 2927 1808 2973 ἐγκεχείρηκε

293 2982 338 3020 Q.
359 2988 393 3016 ct
413 2995 464 3028 pr.
486 2985 529 3018 A.
615 2990 644 3008 m
665 2981 748 3017 εἶναι
768 2982 892 3027 ταύτην
912 2983 1036 3029 ἡμέραν
1051 2984 1258 3019 A.S.Y.k.s.
1288 2982 1412 3028 ἡμέραν
1432 2979 1514 3016 εἶναι
1534 2980 1659 3025 ταύτην
1677 2981 1796 3027 vulgo.
