1882 3250
225 191 308 233 162
772 194 1198 232 ΔΗΜΟΣΘΕΝΟΎΣ
1380 191 1461 229 On.
1488 191 1574 230 XI.
1597 205 1634 244 p.
1659 202 1750 243 151,
1771 204 1807 230 13

225 306 356 356 πάντ’
397 305 683 358 ἀκούσαντες
723 306 846 367 ὑμεῖς
885 303 945 353 τὰ
983 303 1159 364 δέοντα,
1200 304 1274 352 καί
1320 301 1644 367 ὁμογνώμονες
1682 303 1744 354 ὡς

226 390 376 455 ὀρθῶς
402 387 621 453 1’λέγεται
647 386 900 453 γενόμενοι,
927 390 1021 435 τῶν
1049 386 1360 447 λυμαίνεσθαι
1393 388 1467 434 καὶ
1494 384 1738 449 οδιαστρέ-

161 476 211 529 85
228 477 334 540 φειν
359 477 506 522 ταῦτα
531 471 834 533 βουλομένων
862 469 919 536 ἐξ
941 468 1049 518 ἰ’σου
1076 466 1313 530 (Ῑκοὶθησθε
1339 467 1636 532 ἀκροώμενοι,
1663 467 1745 516 οὐκ
1761 486 1796 518 ¹5

228 556 505 619 ἀγνοοῦντες
541 553 705 605 αὐτούς
744 553 867 614 (ἴστε
902 550 995 616 γὰρ
1029 549 1189 603 εεύθὺς
1227 549 1398 602 ἰδόντες
1433 551 1650 614 ἀκριβῶς,
1677 549 1746 601 τίς

616 635 717 685 ίκαί
766 634 878 700 ὑπὲρ
920 634 1163 684 Φιλίππου
1207 632 1514 693 πολιτεύεται,
1558 633 1632 681 καὶ
1678 633 1746 684 τίς

227 643 403 702 μισθοῦ
450 637 575 701 λέγει

230 723 291 774 ὡς
330 723 520 783 ἀληθῶς
560 718 672 784 ὑπὲρ
712 723 805 768 τῶν
844 717 1151 778 βελτίστων),
1191 717 1298 764 ἀλλ’
1337 716 1388 765 ἵν’
1426 713 1748 777 αἰτιασάμενοι

228 803 420 856 τούτους
451 805 527 852 καὶ
562 801 615 851 τὸ
649 806 849 866 πρᾶγμα
886 804 947 853 εἰς
987 799 1174 865 γέλωτα
1213 800 1287 848 καὶ
1323 799 1560 864 λοιδορίαν
1595 800 1742 860 ἐμβα·
1761 819 1802 840 20

1866 967 1870 976 .
1867 951 1869 958 .
1865 848 1870 930 η...-
1865 826 1869 839 -
1862 521 1869 817 ----,..-·---

164 893 217 932 86
231 886 394 939 λόντες
419 884 563 949 μηδὲν
590 886 720 934 αὐτοὶ
758 888 852 933 τῶν
887 881 1084 933 δεόντων
1117 884 1292 944 ποιῆτε.
1343 883 1472 931 ταῦτ’
1498 888 1519 916 g
1530 883 1632 931 ἐστὶ
1661 883 1744 931 τά·

230 964 355 1033 ληθῆ
387 967 505 1030 μετὰ
540 966 701 1030 πάσης
733 966 1018 1032 παρρησίας,
1047 966 1211 1017 ἁπλῶς
1245 965 1408 1033 εὐνοίᾳ,
1435 964 1495 1014 τὰ
1519 964 1753 1025 βέλτιστα
1867 978 1882 1003 ²*

232 1051 460 1118 εἰρημένα,
501 1052 554 1101 οὐ
594 1050 877 1103 11κολακείας
919 1052 994 1100 καὶ
1039 1048 1230 1112 βλάβης
1272 1052 1348 1099 καὶ
1387 1047 1569 1111 ἀπάτης
1607 1047 1753 1113 λόγος
1866 1049 1882 1114 §i

231 1133 420 1198 μεστὸς,
448 1134 671 1201 ἀργύριον
697 1133 707 1159 i
717 1132 803 1196 μὲν
834 1137 900 1201 τῷ
939 1132 1127 1197 λέγοντι
1161 1131 1390 1196 ποιήσων,
1417 1131 1476 1182 τὰ
1508 1130 1557 1181 δὲ
1589 1131 1749 1197 πράγ-

232 1242 358 1283 ματα
391 1221 473 1281 τῆς
501 1217 686 1270 πόλεως
712 1222 808 1270 τοῖς
835 1218 1017 1283 ἐχθροῖς
1045 1218 1299 1282 ἐγχειριῶν.
1353 1214 1382 1279 ἢ
1409 1216 1490 1265 οὖν
1514 1215 1753 1266 παυστέον
1765 1240 1804 1272 25

232 1301 410 1353 τούτων
444 1305 538 1352 τῶν
573 1303 700 1362 ἐθῶν,
739 1300 766 1364 ἢ
805 1299 982 1364 μηδένα
1020 1299 1175 1349 ἄλλον
1212 1299 1441 1349 αἰτιατέον
1478 1304 1560 1349 τοῦ
1597 1298 1755 1350 πάντα

234 1385 430 1454 φαύλως
458 1385 578 1452 ἔχειν
603 1383 632 1447 ἢ
661 1386 778 1448 ὑμᾶς
806 1382 971 1436 αὐτούς
984 1382 1020 1433 k.

955 1642 1040 1688 IA.

378 1751 597 1803 ΠΡΟΣ
652 1750 831 1802 ΤΗΝ
888 1749 1381 1801 ΕΠΙΣΤΟΛΗΝ
1435 1747 1611 1799 ΤΗΝ
1777 1770 1846 1813 152

785 1840 1213 1892 ΦΙΛΙΠΠΟΥ.

881 2055 1119 2085 ΥΠΟΘΕΣΙΣ.

291 2126 330 2161 ‘O
355 2126 525 2161 Φίλιππος
553 2127 638 2172 πρὸς
666 2126 746 2161 τοὺς
771 2125 967 2170 Ἀθηναίους
995 2125 1178 2169 πέπομφεν
1204 2123 1403 2166 ἐπιστολὴν,
1431 2125 1627 2169 κατηγορῶν
1651 2122 1762 2157 αὐτῶν

239 2191 292 2225 καὶ
316 2192 469 2234 πόλεμον
495 2189 737 2235 προκηρύττων
757 2190 924 2235 ἄντικρυς.
966 2188 1076 2222 οὐκέτι
1097 2187 1155 2222 οὖν
1175 2190 1192 2221 ὁ
1211 2188 1323 2233 ῥήτωρ
1343 2186 1451 2221 πείθει
1469 2188 1548 2222 τοὺς
1564 2185 1761 2231 Ἀθηναίους

239 2255 401 2298 πολεμεῖν
423 2253 561 2299 (ἀνάγκη
585 2254 680 2300 γὰρ),
701 2253 791 2287 ἀλλὰ
815 2252 976 2299 θαρσύνει
1005 2253 1092 2299 πρὸς
1117 2253 1176 2286 τὸν
1201 2252 1365 2293 κίνδυνον,
1391 2250 1626 2297 εὐκαθαῖρετον
1649 2252 1789 2297 λέγων5

240 2318 300 2351 τὸν
322 2318 498 2351 Μακεδόνα
505 2345 512 2352 .

235 2399 400 2475 ‘'OTI
433 2422 531 2486 μὲν,
565 2421 602 2472 ὦ
637 2423 800 2489 ἄνδρες
826 2425 1081 2486 Ἀθηναῖοι,
1111 2422 1354 2474 Φίλιππος
1390 2421 1472 2470 οὐκ
1507 2419 1762 2484 ἐποιήσατο

297 2592 317 2620 b
338 2593 491 2640 λέγεται]
513 2595 633 2641 λέγετε
655 2596 691 2629 S.
799 2601 814 2620 ⁰
835 2595 1073 2642 διαστρέφειν]
1098 2594 1308 2640 διαφθείρειν
1327 2595 1369 2628 Α.
1392 2598 1427 2627 et
1446 2608 1501 2639 γρ.
1524 2594 1563 2628 F.
1665 2589 1683 2617 d
1704 2593 1760 2627 κά-

244 2649 368 2694 θησθε]
393 2647 585 2691 καθήσεσθε
609 2649 644 2681 S.
755 2654 771 2673 θ
792 2648 905 2693 εὐθὺς]
929 2648 1050 2683 αὐτοὺς
1072 2648 1106 2681 S.
1216 2644 1232 2671 f
1248 2648 1301 2681 καὶ
1323 2647 1406 2691 ὑπὲρ
1427 2647 1612 2680 Reiskius:
1641 2647 1693 2680 καὶ
1712 2645 1762 2681 τίς

243 2702 327 2747 ὑπὲρ
347 2701 437 2735 libri.
519 2707 539 2734 g
560 2701 637 2735 ε’στὶ
656 2701 801 2747 τάληθῆ]
825 2702 920 2735 ἐστὶν
939 2701 1046 2744 ἀληθῆ
1070 2701 1104 2734 S.
1180 2697 1199 2724 h
1220 2698 1393 2735 κολακείας
1412 2701 1464 2733 καὶ
1482 2699 1634 2745 βλάβης]
1660 2701 1760 2732 κολα-

243 2755 326 2789 κείαι
346 2755 481 2797 βλάβης
503 2753 537 2787 S.
568 2754 736 2794 κολακεία,
758 2756 894 2797 βλάβης
914 2755 957 2788 A.
1076 2751 1085 2778 i
1105 2753 1165 2798 μὲν
1186 2765 1255 2787 om.
1276 2765 1327 2798 pr.
1352 2754 1387 2787 S.
1499 2749 1521 2776 k
1541 2753 1709 2787 Clausula
1726 2752 1762 2785 in

244 2818 287 2852 B.
312 2818 387 2851 haec
413 2822 486 2851 est:
519 2818 602 2851 κατὰ
622 2818 794 2852 Φιλίππου
815 2824 855 2852 Δ.
880 2823 1132 2865 ὶ-ΙΗΔΔΔΗΗ.
1160 2818 1237 2862 (ubi
1265 2818 1403 2852 videtur
1431 2822 1627 2851 extremum
1651 2823 1683 2851 H
1709 2829 1763 2850 re-

244 2871 411 2911 dundare,
432 2870 467 2903 id
488 2875 540 2904 est
560 2870 671 2917 638.)
732 2872 866 2905 Eadem
892 2884 992 2917 paene
1022 2877 1075 2905 est
1098 2871 1254 2905 clausula
1279 2871 1315 2904 in
1335 2872 1426 2916 Aug.
1446 2870 1573 2904 tertio:
1604 2870 1686 2904 κατὰ
1705 2874 1762 2902 Φι-

243 2933 374 2967 mmm
393 2938 432 2968 A.
452 2922 637 2977 ΠΗΔΔΔ.
655 2933 782 2980 (630.)
813 2935 974 2969 REISK.
1033 2934 1075 2968 In
1101 2934 1135 2968 s,
1157 2934 1239 2968 κατὰ
1258 2934 1432 2979 φιλίππου
1452 2935 1482 2968 δ.
1504 2923 1762 2976 ΓιῖῑΗΔΔΔιιιι.
1868 2928 1871 2950 ¹
