1882 3250
0 193 6 200 ·
52 181 145 225 179,
161 187 193 211 2.
543 175 669 212 ΠΕΡΙ
700 174 816 211 ΤΩΝ
847 174 1193 211 ΣΎΜΜΟΡΙΩΝ.
1542 170 1626 213 189

115 284 168 333 οὐ
205 282 297 345 μὴν
330 281 638 349 συμφέροντά
670 283 714 346 γ’
743 283 927 335 ἐκείνοις
961 280 1040 334 οὓς
1077 279 1419 346 ἐγκωμιάζουσι
1457 284 1619 330 ποιεῖν·

113 367 217 431 περὶ
255 364 348 430 γὰρ
384 364 678 430 πραγμάτων
716 367 1066 431 1]ε’γχειροῦντες
1104 364 1273 429 λέγειν,
1312 362 1404 412 Οῶν
1443 363 1535 412 οὐδ’
1569 361 1655 415 ἂνε

113 447 176 500 εἷς
201 447 343 514 ἀξίως
368 447 611 513 ἐφικέσθαι
637 452 702 514 τῷ
729 448 861 515 λόγῳ
886 447 1114 508 Ρδύναιτο,
1141 447 1270 496 αὐτοὶ
1296 444 1380 508 μὲν
1405 450 1513 494 (Ιτοῦ
1540 443 1623 494 δύ-

115 533 287 580 νασθαι
325 529 478 594 λέγειν
517 528 663 597 δόξαν
701 529 989 597 ἐκφέρονται,
1021 529 1107 593 τὴν
1140 530 1209 578 Γδ’
1239 530 1422 578 ἐκείνων
1459 526 1628 592 ἀρετὴν

113 611 293 663 ἐλάττω
331 615 413 675 τῆς
449 612 791 675 ὑπειλημμένης
825 611 955 677 παρὰ
987 616 1080 664 τοῖς·
1116 610 1340 661 ἀκούουσι
1374 610 1628 676 φαίνεσθαι

29 720 33 751 2
78 700 345 746 2ποιοῦσιν.
399 694 491 759 ἐγὼ
518 696 554 744 δ’
583 696 766 745 ἐκείνων
797 694 881 757 μὲν
912 693 1100 744 ε”παινον
1124 693 1206 744 τὸν
1232 692 1401 759 χρόνον
1427 693 1628 757 ἡγοῦμαι
1643 719 1681 740 10

113 784 128 804 ⁵
136 777 376 842 μέγιστον,
404 776 458 826 οὗ
490 783 678 827 πολλοῦ
709 775 1016 840 γεγενημένου
1050 777 1186 842 μείζω
1218 781 1312 826 τῶν
1339 777 1415 826 ὑπ’
1444 776 1628 826 ἐκείνων

112 858 446 926 ἵπραχθέντων
485 859 664 913 οὐδένες
703 859 845 910 ἄλλοι
882 859 1297 928 11παροιδείξασθαι
1339 858 1621 922 δεδύνηνται.

112 941 249 995 αὐτὸς
286 941 334 992 δὲ
371 941 656 1007 πειράσομαι
694 942 777 993 τὸν
814 941 990 1008 τρόπον
1029 947 1169 993 εἰπεῖν
1208 941 1261 992 ὃν
1299 941 1357 991 ἄν
1393 964 1472 1004 μοι
1509 944 1622 991 Χδο-

111 1029 228 1075 κεῖτε
278 1024 492 1088 μάλιστα
544 1034 561 1060 5
579 1025 810 1076 δύνασθαι
859 1025 1336 1092 παρασκευάσασθαι.
1410 1026 1485 1074 καὶ
1535 1023 1627 1090 γὰρ

112 1108 258 1160 οὕτως
296 1107 401 1174 ἔχει·
453 1112 490 1158 εἰ
534 1107 619 1171 μὲν
659 1109 786 1172 ἡμεῖς
824 1108 1024 1162 ἅπαντες
1062 1113 1138 1159 Ζοἱ,
1177 1106 1435 1171 μέλλοντες
1472 1107 1650 1172 λε’γεινι
1660 1133 1677 1165 5

113 1193 249 1241 δεινοὶ
283 1192 537 1257 φανείημεν
569 1192 745 1255 Βὸντες,
772 1190 904 1242 οὐδὲν
939 1190 997 1242 ἂν
1035 1191 1094 1242 τὰ
1131 1191 1327 1257 ὑμέτερα
1365 1191 1413 1240 εὖ
1447 1188 1527 1240 οἶδ’
1557 1189 1627 1240 ὅτι

11 1339 13 1342 ⁴
74 1272 303 1334 Ξβὲλτιον
328 1275 489 1340 σχοίη·
531 1279 568 1325 εἰ
604 1274 652 1325 δὲ
686 1273 940 1341 παρελθὼν
974 1273 1037 1328 εἷς
1072 1275 1299 1325 ὁστισοῦν
1334 1273 1520 1323 δύναιτο
1551 1276 1623 1323 δι-

113 1355 251 1424 δάξαι
296 1359 370 1407 καὶ
416 1362 576 1408 πεῖσαι
620 1358 690 1412 τίς
733 1357 1010 1423 παρασκευὴ
1056 1359 1131 1408 καὶ
1179 1356 1310 1420 πόση
1356 1358 1433 1406 καὶ
1482 1354 1627 1406 πόθεν

111 1443 396 1505 πορισθεῖσα
421 1440 653 1508 χρήσιμος
687 1441 822 1491 ἔσται
851 1445 909 1509 τῇ
935 1441 1085 1503 πόλει,
1111 1446 1204 1494 πᾶς
1230 1442 1255 1491 ὁ
1281 1439 1446 1506 παρὼν
1472 1438 1625 1508 φόβος
1641 1468 1680 1490 zo

111 1520 409 1574 ι’λελύσεται.
462 1523 578 1589 εέγὼ
610 1524 659 1575 δὲ
693 1526 833 1587 τοῦτ’,
859 1523 916 1575 ἂν
952 1525 1022 1591 ἄρ’
1052 1523 1145 1577 οἷός
1179 1547 1228 1574 τε
1264 1521 1313 1585 ὦ,
1339 1521 1624 1588 πειράσομαι

1496 1604 1515 1632 d

111 1608 318 1669 ποιῆσαι,
351 1606 494 1671 μικρὰ
528 1607 765 1673 προειπὼν
796 1610 901 1672 ὑμῖν
936 1610 998 1661 ὡς
1032 1608 1124 1675 ε”χω
1151 1607 1341 1673 γνώμης
1365 1611 1469 1673 περὶ
1531 1610 1625 1657 τῶν

182 1687 196 1704 Χ
254 1696 270 1716 e
312 1688 325 1704 Χ
558 1691 571 1707 Ι

112 1711 229 1755 προς
280 1712 362 1741 τον
386 1696 609 1751 βασιλεα.

11 1787 13 1805 1
187 1775 196 1789 2
288 1772 300 1790 x
443 1775 453 1791 r
647 1775 659 1790 x
735 1778 744 1792 ‚
841 1775 854 1790 x
932 1776 943 1790 e
1003 1774 1016 1789 Ι
1205 1779 1224 1788 Α
1280 1776 1290 1791 c
1424 1773 1435 1789 Ι
1581 1770 1600 1791 ‘5

11 1811 13 1824 .
75 1789 104 1827 4
202 1777 314 1839 Εγω
345 1775 512 1841 νομιζω
542 1798 696 1826 κοινον
722 1781 890 1843 εχθρον
917 1798 1137 1826 απαντων
1162 1797 1256 1825 των
1297 1778 1532 1837 Ελληνων
1558 1795 1621 1823 ει-

111 1945 206 1991 τῶν
243 1941 410 1992 ἄλλων
448 1943 554 2004 ὑμῖν
596 1941 805 2006 πόλεμον
842 1941 959 2008 πρὸς
999 1940 1140 1991 αὐτὸν
1177 1941 1438 2006 ἕόίρασθαι·
1485 1936 1676 1992 ᾕούδὲἳό

8 1846 13 1950 (
112 1879 186 1907 ναι
223 1857 445 1919 βασιλέα,
486 1859 538 1908 οὐ
576 1857 669 1922 μὴν
704 1858 780 1909 διὰ
815 1858 974 1909 ῗτοῦτο
1011 1857 1336 1923 παραινέσαιμ’
1373 1853 1431 1905 ἂν
1467 1853 1626 1917 μόνοις

8 1962 11 1990 ι

7 1998 11 2056 i
156 2022 168 2040 N
281 2025 291 2039 2
360 2023 373 2040 Χ
505 2025 517 2041 N
576 2024 597 2042 ΕΙ
875 2027 885 2041 C
937 2030 957 2039 Α
1137 2023 1149 2039 N
1233 2027 1242 2041 5
1332 2023 1343 2039 Ι
1494 2021 1516 2040 ³!

7 2063 9 2086 ,
110 2046 203 2090 γαρ
238 2047 403 2078 αυτους
441 2048 546 2079 τους
599 2030 826 2090 Ελληνας
866 2048 960 2090 ορω
1001 2047 1180 2078 κοινους
1217 2030 1450 2088 αλληλοις
1487 2045 1624 2076 ouras·
1642 2045 1719 2089 179

5 2122 9 2152 ι

110 2108 294 2175 φίλους,
323 2109 433 2158 ἀλλ’
461 2109 605 2162 ἐνίους
642 2114 832 2172 μᾶλλον
870 2109 1024 2177 ἐκείνῳ
1061 2107 1371 2161 πιστεύοντας
1409 2105 1437 2171 ἢ
1472 2113 1625 2156 1τισιν

2 2240 7 2311 Ι
166 2248 186 2267 Π
206 2244 439 2289 ἐγχειροῦντες
459 2244 495 2278 S.
519 2250 553 2278 et
573 2257 608 2290 p.
627 2255 738 2290 1423,
757 2254 792 2290 5.
840 2244 1040 2290 Legebatur
1060 2246 1320 2289 ἐπιχειροῦντες.
1449 2248 1467 2267 0
1488 2238 1533 2276 (Su
1552 2254 1622 2276 0111.

2 2313 6 2347 ς
112 2308 165 2342 pr.
189 2296 223 2331 S.
335 2303 354 2330 P
374 2296 509 2331 δύναιτ-ο
529 2304 609 2332 ante
629 2300 676 2345 τῷ
696 2303 834 2343 ponunt
854 2298 1028 2332 F.Y.O.v.
1051 2303 1086 2332 et
1105 2310 1139 2343 p.
1161 2307 1273 2342 1423,
1292 2303 1328 2343 5.
1440 2301 1460 2329 (1
1483 2297 1543 2329 τοῦ
1563 2294 1621 2329 δύ-

1 2351 5 2420 !
114 2349 236 2384 νασθαι
258 2351 372 2396 λέγειν
390 2351 524 2385 correxi
544 2363 586 2385 ex
606 2364 639 2396 p.
663 2361 731 2396 142
737 2361 773 2395 3,
791 2350 826 2385 6.
886 2352 1086 2397 Legebatur
1104 2353 1166 2384 τοῦ
1190 2351 1299 2383 δοκεῖν
1322 2347 1358 2383 εὖ
1382 2349 1507 2394 λέγειν,
1528 2349 1624 2394 quod

112 2404 173 2435 τοῦ
197 2403 307 2437 δοκεῖν
334 2404 448 2449 λέγειν
471 2402 636 2438 δύνασθαι
665 2404 833 2449 seriptum
859 2410 912 2438 est
936 2405 971 2438 in
992 2405 1033 2445 A,
1055 2409 1090 2438 et
1112 2405 1172 2437 τοῦ
1196 2403 1305 2437 δοκεῖν
1325 2401 1491 2437 δύνασθαι
1510 2403 1624 2447 λέγειν

0 2449 4 2507 ᾗ
112 2454 148 2489 in
170 2455 205 2490 S.
291 2462 306 2480 ¹·
325 2455 354 2490 δ’
376 2469 445 2491 om.
465 2469 518 2502 pr.
539 2457 574 2491 S.
660 2462 674 2481 S
693 2457 858 2502 μέγιστον
879 2458 913 2491 S.
935 2463 970 2491 et
989 2470 1023 2503 p.
1044 2467 1155 2502 1423,
1171 2467 1208 2502 9.
1240 2456 1440 2501 Legebatur
1457 2456 1623 2500 μέγιστον

0 2511 3 2544 Ι
112 2505 206 2543 εἶναι.
243 2508 408 2544 Similiter
422 2510 670 2556 interpolatum
687 2522 721 2556 p.
739 2509 800 2555 84,
814 2521 873 2545 10.
958 2509 971 2535 t
992 2510 1230 2556 πραχθέντων]
1249 2509 1488 2554 προαχθέντων
1508 2520 1560 2553 pr.
1576 2507 1621 2541 O.

0 2553 2 2569 '
111 2566 132 2585 Π
150 2560 419 2607 παραδείξασθαι
439 2564 548 2597 codex
568 2563 604 2597 in
619 2575 730 2609 marg.
748 2564 803 2597 ed.
819 2563 928 2597 Paris.
944 2576 974 2597 a.
987 2570 1100 2610 1570.
1114 2567 1338 2596 memoratus.
1366 2560 1622 2605 παραδέξασθαι

111 2615 227 2660 vulgo.
268 2615 371 2649 Conf.
392 2629 428 2661 p.
449 2627 560 2661 1423,
580 2627 637 2651 12.
740 2621 759 2640 X
780 2616 924 2662 δοκεῖτε]
950 2617 1068 2659 δοκῆτε
1089 2621 1264 2650 correctus
1284 2627 1316 2648 v.
1419 2620 1438 2647 Y
1457 2612 1622 2647 δύνασθαι

110 2668 453 2715 παρασκευάσασθαι]
477 2669 753 2714 παρεσκευάσθαι
774 2669 943 2703 F.Y.O.v.
1066 2675 1083 2693 Ζ
1104 2670 1136 2702 οἱ
1153 2670 1340 2712 μέλλοντες
1358 2667 1391 2700 ἰι]
1412 2681 1467 2712 γρ.
1484 2667 1525 2699 Y.
1547 2678 1618 2701 om.

112 2719 238 2755 F.O.v.
270 2722 301 2755 οἱ
319 2722 476 2768 λέγοντες
497 2723 599 2756 δεινοὶ
618 2734 662 2756 ex
682 2734 715 2767 p.
734 2732 846 2768 1423,
866 2733 925 2767 14.
1011 2727 1029 2746 a
1049 2721 1144 2756 ὅντες
1163 2722 1198 2755 in
1217 2735 1272 2766 γρ.
1288 2721 1330 2754 Y.
1351 2732 1421 2754 om.
1442 2719 1567 2754 F.O.V.
1586 2725 1621 2754 et

110 2785 144 2818 p.
172 2784 281 2819 1423.
443 2772 462 2800 b
491 2774 675 2809 λελύσεται
703 2775 738 2809 S.
777 2776 918 2809 λέλυται
946 2776 1064 2820 vulgo,
1089 2780 1124 2809 et
1151 2787 1186 2820 p.
1213 2784 1324 2819 1423.
1365 2772 1552 2816 λυθήσεται
1574 2773 1618 2808 Α.

111 2831 127 2850 0
153 2826 419 2872 ἐγὼ-βασιλέα
445 2840 513 2862 om.
536 2840 568 2862 v.
733 2825 752 2852 d
780 2828 863 2874 τῶν]
893 2830 952 2862 τὸν
978 2841 1031 2874 pr.
1056 2829 1090 2862 S.
1256 2832 1271 2851 θ
1297 2828 1357 2861 τὸν
1379 2826 1496 2861 addidi
1520 2838 1562 2860 ex
1584 2826 1619 2860 S.

110 2891 126 2918 f
140 2895 260 2941 τοῦτο]
285 2889 390 2931 rflfirg
410 2897 448 2931 F.
480 2899 585 2930 ταῦτα
605 2897 730 2931 Y.O.v.
857 2903 877 2930 g
896 2897 1060 2943 ἅρασθαι]
1084 2897 1252 2943 αἱρεῖσθαι
1274 2897 1308 2932 S.
1420 2893 1441 2920 h
1461 2894 1556 2941 οὐδὲ]
1581 2894 1620 2928 οὐ

110 2959 161 2993 pr.
185 2948 219 2982 S.
328 2946 339 2974 i
358 2964 450 2984 τισιν
469 2950 596 2996 αὑτῶν]
621 2951 750 2996 σφισιν
768 2950 882 2986 αὐτοῖς
903 2950 1075 2985 F.Y.O.v.
