1882 3250
43 170 114 214 52,
134 174 163 202 7.
601 163 741 200 ΚΑΤΑ
773 163 1049 200 mmmmm*
1081 165 1125 199 Α.
1561 166 1617 206 57

103 269 332 321 δύνασθαι
370 275 547 332 μαθεῖν,
582 270 651 320 ὅτι
687 273 758 319 δεῖ
790 269 897 322 τοὺς
936 272 1085 335 ὀρθῶς
1121 272 1315 339 πολέμῳ
1352 272 1616 338 χρωμένους

101 352 212 402 i0131<
237 354 511 402 ἀκολουθεῖν
549 357 644 404 τοῖς
681 351 976 417 πράγμασιν,
1007 355 1113 402 ἀλλ’
1142 353 1308 406 αὐτοὺς
1347 353 1615 417 ἔμπροσθεν

99 433 211 484 εἶναι
251 439 344 484 τῶν
380 432 688 500 πραγμάτων,
717 436 791 484 καὶ
828 433 909 484 τὸν
947 434 1089 484 αὐτὸν
1121 435 1298 499 τρόπον
1323 433 1485 499 ὥσπερ
1520 439 1615 484 τῶν
1630 458 1665 487 ¹5

99 515 465 581 στρατευμάτων
503 515 524 542 k
545 516 767 583 ἀξιώσειέ
796 539 863 569 τις
901 516 959 565 ἂν
985 517 1067 566 τὸν
1093 516 1367 582 στρατηγὸν
1393 517 1614 581 ἡγεῖσθαι

261 597 272 624 l
1592 597 1610 616 ex

100 600 218 649 οὕτω
289 601 363 648 καὶ
403 603 498 649 τῶν
538 597 833 663 πραγμάτων
874 606 905 624 ¹¹¹
924 596 1030 650 τοὺς
1067 598 1451 661 βουλευομένους,
1494 599 1545 649 ἵν’
1585 623 1616 649 α

0 693 3 734 ἰ
100 680 156 731 ἂν
181 682 365 733 ἐκείνοις
391 683 518 746 δοκῇ,
545 687 693 731 ταῦτα
728 680 989 746 πράττηται
1025 683 1101 731 καὶ
1134 680 1199 744 μὴ
1225 680 1284 730 τὰ
1320 688 1339 706 ¹¹
1355 680 1613 743 συμβάντα
1627 709 1667 730 20

0 746 3 826 *s
36 777 88 826 46
101 762 448 828 ἀναγκάζωνται
475 763 666 815 διώκειν.
707 765 832 826 ὑμεῖς
859 766 912 825 δ’,
939 761 975 813 ὦ
1001 764 1164 829 ἄνδρες
1187 767 1444 826 Ἀθηναῖοι,
1471 764 1608 813 πλεί-

98 869 220 910 στην
263 846 457 908 δύναμιν
498 845 718 896 ἁπάντων
757 845 954 912 ἔχοντες,
998 845 1210 911 τριήρεις,
1251 854 1268 871 ⁰
1289 847 1500 907 ὁπλίτας,
1539 849 1613 897 ἱπ-

0 981 11 1024 ιῖ
227 1011 237 1025 (
291 1011 304 1028 Ι
453 1013 463 1027 )
548 1013 562 1030 Χ
657 1012 669 1028 l
879 1014 889 1028 9
995 1012 1010 1029 Ι
1207 1012 1220 1028 Ι
1519 1013 1529 1027 )
1572 1011 1584 1030 λ

93 1034 177 1077 ρον
211 1034 382 1076 ημερας
414 1014 563 1061 ουδενι
597 1034 788 1062 πωποτε
826 1018 916 1063 Ρεις
951 1014 1055 1061 δεον
1085 1035 1130 1061 τι
1165 1016 1413 1079 κεχρησθε,
1452 1014 1613 1062 Ἶουδεν

7 880 12 914 Ι

0 920 11 981 ῖῖ
95 928 221 990 πέας,
248 927 504 994 χρημάτων
544 929 801 994 πρόσοδον,
838 928 1015 979 τούτων
1048 929 1132 992 μὲν
1167 929 1303 996 μέχρι
1346 932 1428 992 τῆς
1463 928 1606 992 τήμε-

5 998 9 1015 Q

6 1053 11 1123 i
95 1094 131 1144 δ’
172 1100 188 1119 r
220 1095 230 1109 9
365 1094 376 1110 Ι
564 1093 585 1110 (Ι
788 1097 798 1107 9
896 1094 907 1111 Ι
1283 1095 1294 1111 Ι
1524 1097 1545 1113 ΕΙ

204 1100 501 1155 απολειπετε,
548 1116 711 1158 ωσπερ
758 1116 800 1143 οι
843 1099 1079 1160 βάρβαροι
1120 1118 1448 1152 πυκτευουσιν,
1490 1118 1610 1145 ουτω
1624 1120 1662 1150 25

8 1183 11 1205 Ι

8 1249 11 1265 b

95 1180 346 1238 8πολεμεῖν
373 1177 614 1244 Φιλίππῳ.
659 1175 850 1241 καὶγὰρ
877 1177 1062 1227 ἐκείνων
1098 1178 1124 1226 ὁ
1165 1179 1364 1242 πληγεὶς
1407 1179 1491 1227 ῖάεὶ
1529 1181 1610 1241 τῆς

93 1261 281 1322 πληγῆς
323 1258 487 1325 ἔχεται,
527 1257 616 1308 κᾶν
657 1258 856 1323 ἑτέρωσε
900 1259 1172 1327 “πατάξῃς,
1214 1260 1369 1310 ἐκεῖσέ
1402 1263 1521 1309 εἰσιν
1563 1264 1610 1310 αἱ

94 1346 256 1408 χεῖρες·
297 1341 705 1406 Χπροβάλλεσθαι
746 1342 782 1391 δ’
821 1340 849 1406 ἢ
891 1342 1086 1401 βλέπειν
1123 1343 1331 1392 ἐναντίον
1369 1344 1459 1392 οὔτ’
1490 1340 1611 1392 οἶδεν

7 1358 11 1387 ι

7 1402 10 1420 Ι

7 1438 80 1507 ²47
94 1425 184 1474 οὔτ’
212 1424 377 1474 ἐθέλει.
414 1426 488 1474 καὶ
513 1426 639 1486 ὑμεῖς
665 1432 683 1458 y
701 1422 759 1473 ἂν
785 1425 833 1473 ἐν
862 1425 1155 1492 Χερρονήσῳ
1181 1424 1398 1488 πύθησθε
1428 1426 1603 1475 Φίλιπ-

7 1512 11 1581 ξ
92 1529 196 1568 πον,
222 1508 369 1556 ἐκεῖσε
395 1511 585 1570 βοηθεῖν
612 1506 897 1574 ψηφίζεσθε,
926 1507 1005 1557 ἐὰν
1031 1510 1078 1558 ἐν
1106 1507 1307 1565 Πύλαις,
1336 1510 1501 1565 ἐκεῖσε,
1529 1508 1675 1566 ἐᾶν52

8 1596 10 1615 V

93 1590 270 1641 ἄλλοθί
309 1597 326 1616 ²
345 1613 453 1648 που,
492 1594 841 1655 συμπαραθεῖτε
887 1591 1016 1641 ἷιοἵνω
1055 1589 1197 1648 κάτω,
1239 1593 1314 1640 καὶ
1358 1590 1604 1656 ι)στρατη-

7 1724 11 1765 1
92 1677 252 1738 γεῖσθε
277 1672 361 1736 μὲν
388 1674 458 1724 ὑπ’
489 1674 673 1734 ἐκείνου,
700 1673 1024 1733 βεβούλευσθε
1052 1677 1090 1724 δ’
1117 1673 1249 1724 οὐδὲν
1287 1683 1302 1702 ⁰
1320 1676 1450 1724 αὐτοὶ
1476 1697 1605 1737 συμ-

7 1785 11 1855 Ι
91 1756 234 1823 φέρον
275 1758 380 1822 περὶ
417 1761 501 1806 τοῦ
539 1755 765 1819 πολέμου,
808 1757 912 1807 οὐδὲ
961 1756 982 1790 ‘¹
1000 1756 1093 1822 πρὸ
1135 1762 1229 1807 τῶν
1281 1758 1607 1822 Επραγμάτων

7 1859 11 1890 ι
89 1843 317 1904 προορᾶτε
353 1837 499 1900 οὐδὲν,
525 1841 637 1904 πρὶν
662 1838 720 1888 ἂν
752 1838 780 1902 ἢ
815 1838 1155 1903 Ϊγεγενημένον
1190 1839 1218 1903 ἢ
1258 1839 1536 1904 γιγνόμενόν
1561 1860 1633 1891 τι5

7 1902 11 1930 ³
87 1919 317 1983 πύθησθε.
360 1926 508 1970 ταῦτα
543 1919 581 1969 δ’
616 1920 731 1972 ἰ’σως
768 1920 997 1985 πρότερον
1033 1921 1117 1983 μὲν
1156 1924 1315 1984 ἑζένῆν·
1356 1928 1437 1971 νῦν
1472 1923 1508 1972 δ’
1535 1923 1603 1972 ἐπ’

7 2018 78 2070 «48
90 2001 231 2065 αὐτὴν
267 2002 364 2065 ἥκει
403 2001 487 2064 τὴν
521 2001 689 2065 ἀκμὴν,
719 2000 829 2052 ὥστ’
861 2002 1005 2053 οὐκέτ’
1033 2005 1244 2070 ἐγχωρεῖ,
1288 2006 1417 2053 δοκεῖ
1444 2004 1500 2053 δέ
1524 2026 1604 2066 μοι

89 2088 205 2135 θεῶν
241 2107 326 2141 τις,
363 2082 400 2133 ὦ
435 2084 597 2149 ἄνδρες
628 2088 883 2148 Ἀθηναῖοι,
911 2090 1006 2138 τοῖς
1041 2086 1330 2151 γιγνομένοις
1366 2085 1480 2151 ὑπὲρ
1520 2089 1603 2149 τῆς

139 2249 148 2276 i
169 2252 244 2298 οὐκ]
269 2253 314 2296 μὴ
334 2253 376 2287 Y.
476 2250 496 2277 k
517 2252 674 2296 ἀξιώσειέ
692 2267 743 2287 τις
762 2252 801 2286 δν
821 2253 951 2287 A.S.Y.
983 2252 1159 2295 ἀξιώσειεν
1179 2251 1219 2284 ἅν
1238 2265 1289 2287 τις
1308 2252 1425 2297 vulgo.
1524 2250 1529 2272 ¹
1549 2253 1602 2285 καὶ

89 2315 156 2339 orn.
180 2305 221 2338 Β.
359 2311 389 2329 m
418 2306 497 2340 τοὺς
524 2307 792 2348 βουλευομένους
823 2306 859 2339 S.
899 2305 978 2339 τοὺς
998 2303 1032 2337 εὖ
1051 2304 1322 2347 βουλευομένους
1351 2304 1507 2349 ἡγεῖσθαι
1534 2304 1600 2348 χρὴ

86 2357 202 2402 vulgo.
280 2363 299 2382 ¹¹
316 2358 512 2403 συμβάντα]
538 2358 771 2401 συμβαίνοντα
789 2357 1000 2391 A.Y.O.u.v.
1018 2363 1052 2390 ct
1064 2372 1119 2402 γρ.
1136 2357 1177 2390 B.
1255 2362 1273 2381 0
1293 2358 1435 2391 ὁπλίτας
1456 2356 1594 2402 ἱππέας]

91 2410 208 2444 ἱππέας
227 2410 370 2445 ὁπλίτας
388 2411 479 2444 A.Y.
570 2418 589 2446 P
610 2411 656 2445 εἷς
675 2410 752 2443 δέον
771 2425 803 2443 τι
826 2411 956 2445 B.F.S.
988 2410 1022 2443 ἐν
1043 2410 1152 2443 δέοντι
1172 2410 1290 2453 vulgo,
1368 2418 1385 2443 (ί
1407 2410 1505 2443 οὐδέν
1525 2409 1599 2442 Do-

86 2461 211 2495 braeus.
242 2463 441 2507 Legebatur
461 2463 609 2497 οὐδενός.
750 2469 764 2488 Γ
784 2462 997 2502 ἀπολείπετε,
1019 2461 1136 2506 ὥσπερ
1157 2463 1188 2494 οἶ
1210 2462 1246 2495 S.
1296 2461 1497 2507 Legebatur
1516 2461 1599 2494 ἀπο-

87 2514 258 2555 λείπεσθε,
279 2514 396 2560 ὥσπερ
416 2515 452 2549 δὲ
473 2516 517 2549 οἱ.
621 2520 635 2538 S
655 2517 817 2557 πολεμεῖν
835 2527 886 2560 pr.
910 2515 945 2549 S.
977 2515 1177 2559 Legebatur
1195 2516 1387 2556 πολεμεῖτε.
1496 2512 1511 2537 t
1529 2513 1596 2558 ἀεὶ]

85 2565 149 2599 αιέὶ
169 2566 203 2599 S.
289 2574 307 2592 u
328 2568 480 2611 πατάξῃς·
501 2568 535 2600 S.
567 2567 767 2611 Legebatur
786 2568 918 2610 πατάξῃ
939 2581 1001 2601 τις.
1033 2566 1137 2600 Conf.
1158 2579 1192 2610 p.
1215 2572 1304 2612 524,
1329 2565 1388 2600 28.
1476 2572 1492 2590 Χ
1513 2579 1597 2610 προ-

85 2618 296 2664 βάλλεσθαι]
320 2620 559 2665 προβαλέσθαι
578 2620 667 2653 A.Y.
791 2625 810 2651 Y
831 2620 871 2652 ἂν
893 2619 927 2653 S.
960 2619 1184 2652 scribebatur
1204 2619 1270 2650 ἐάν.
1394 2623 1411 2641 2
1431 2617 1515 2662 ⁷rov]
1540 2631 1600 2650 ποι

86 2670 166 2703 A.S.
195 2684 240 2714 πη
259 2671 304 2705 Y.
426 2677 445 2696 ἢ
463 2671 530 2704 ἅνω
548 2672 582 2705 S.
612 2671 679 2704 ἅνω
699 2672 751 2704 καὶ
769 2671 886 2716 vulgo.
1006 2667 1025 2694 b
1043 2669 1292 2714 στρατηγεῖσθε
1312 2670 1373 2712 μὲν
1392 2668 1466 2713 ὑπ’]
1491 2683 1598 2714 στρα-

86 2723 235 2767 τηγεῖσθ’
256 2722 312 2757 ὑπ’
335 2723 371 2758 S.
493 2729 509 2747 ⁰
531 2723 642 2767 αὐτοὶ]
665 2724 778 2757 αὐτοῖς
797 2735 830 2757 V.
861 2723 975 2757 αὑτοῖς
994 2722 1164 2756 B.F.O.u.
1286 2718 1304 2745 d
1324 2721 1391 2765 πρὸ
1411 2721 1493 2754 A.S.
1522 2722 1601 2766 περὶ

89 2773 345 2809 B.F.Y.O.u.v.
455 2781 471 2800 θ
490 2775 714 2820 πραγμάτων]
736 2775 917 2819 χρημάτων
937 2774 1052 2808 O.u.V.
1175 2771 1189 2798 f
1205 2775 1429 2819 γεγενημένον
1447 2772 1466 2816 ἢ
1486 2774 1601 2818 γιγνό-

9 2809 12 2884 .
88 2826 201 2872 μενόν]
223 2829 422 2872 γιγνόμενον
441 2826 459 2870 ἦ
479 2826 701 2873 γεγενημένον
720 2827 810 2862 Α.Ῡ.
968 2834 989 2862 g
1010 2827 1086 2870 ε’νῆν
1104 2826 1191 2861 A.S.
1222 2825 1262 2868 ἧν
1281 2828 1389 2859 ποιεῖν
1410 2826 1497 2860 B.F.
1526 2826 1602 2868 ι’νῆν

87 2880 193 2911 ποιεῖν
211 2879 378 2915 Y.O.u.v.

146 2952 284 2979 voL.1.
887 2953 902 2977 1
