1882 3250
226 179 310 220 186
737 177 1209 232 [ΔΗΜΟΣΘΕΝΟΎΣ]
1329 176 1405 215 Oa.
1425 174 1568 213 XIII.
1590 188 1630 227 p.
1650 183 1744 225 174,
1761 187 1856 213 2⁶„-

878 290 890 306 Χ

161 311 214 352 32
230 300 305 342 λιν
341 293 450 354 ἡμῖν
484 291 795 356 ι(παρέδοσαν
839 313 921 343 τας
958 289 1012 339 Ιδ’
1051 290 1166 340 ἰδίας
1202 289 1347 340 οἰκίας
1382 291 1476 336 τῶν
1510 287 1557 335 ἐν
1594 283 1735 335 δυνά-

227 398 302 438 μει
329 376 589 440 γενομένων
614 375 733 423 οὕτω
765 374 952 438 μετρίας
987 374 1061 421 καὶ
1097 376 1160 438 τῷ
1195 374 1278 433 τῆς
1315 369 1591 421 ωπολιτείας
1630 367 1735 417 ὀνό-

228 481 340 521 ματι
375 456 674 517 ἀκολούθους,
711 454 835 505 ὥστε
873 454 959 518 τὴν
996 453 1376 515 Θεμιστοκλέους
1411 453 1486 501 καὶ
1520 449 1605 513 τὴν
1648 450 1738 498 Κί-

228 563 381 604 μωνος
420 541 495 590 καὶ
532 539 616 602 τὴν
643 539 939 603 Ἀριστείδου
975 538 1078 585 ΙἸκαὶ
1114 534 1383 584 Μιλτιάδου
1417 534 1611 582 καὶτῶν
1637 529 1742 580 τότε

229 627 463 688 λαμπρῶν
490 622 650 682 οὶκίαν,
678 620 719 669 εἴ
750 642 818 672 τις
853 619 923 684 ἄρ’
954 619 1110 680 Οὑμῶν
1143 615 1262 666 οἶδεν
1295 617 1432 666 ὁποία
1466 615 1569 664 ποτ’
1597 615 1740 675 ἐστὶν,
1759 627 1833 670 175

162 721 214 762 33
231 706 318 772 ὁρᾷ
352 708 434 766 τῆς
474 709 556 754 τοῦ
583 703 789 766 γείτονος
829 700 960 750 οὐδὲν
987 699 1275 764 σεμνοτέραν
1302 699 1466 748 οὖσαν.
1510 703 1591 747 νῦν
1626 698 1679 758 δ’,
1707 694 1743 745 ῶ

230 788 392 853 ἄνδρες
429 789 685 849 Ἀθηναῖοι,
712 784 919 850 δημοσίᾳ
958 781 1044 844 μὲν
1079 783 1106 844 ἡ
1142 780 1282 834 πόλις
1318 781 1450 843 ἡμῶν
1490 779 1573 832 τὰς
1612 777 1745 831 ὁδοὺς

372 873 391 881 Α

230 872 394 936 ἀγάπα
454 876 472 903 p
490 865 906 930 κατασκευάζουσα
974 866 1049 914 καὶ
1113 862 1283 929 κρήνας
1347 864 1422 912 καὶ
1485 860 1743 924 κονιάματα

231 954 306 1002 καὶ
345 951 519 1016 λήρους
561 951 656 1014 (καὶ
694 950 746 998 οὐ
782 953 877 1000 τοῖς
913 946 1304 1011 εἰσηγησαμένοις
1343 946 1494 996 Ωταῦτ’
1536 947 1773 1006 ἐπιτιμῶ,5

230 1039 419 1085 πολλοῦ
456 1056 510 1099 γε
550 1034 625 1082 καὶ
664 1031 765 1092 δέω,
793 1031 901 1079 ἀλλ’
931 1031 1071 1092 Γὑμῖν,
1112 1032 1148 1078 εἰ
1183 1031 1310 1078 ταῦθ’
1351 1027 1484 1078 ἱκανὰ
1520 1029 1626 1090 ὑμῖν
1665 1028 1743 1076 αὐ-

231 1122 328 1171 τοῖς
367 1114 728 1179 ὑπολαμβάνετε
771 1113 883 1164 εἶναι
920 1116 1166 1180 εδιοικεῖν),
1207 1113 1298 1180 ἰδίᾳ
1331 1113 1390 1161 ῒδ’
1432 1115 1474 1161 οὶ
1514 1114 1608 1160 τῶν
1643 1132 1743 1160 κοι-

234 1205 327 1250 νῶν
360 1201 438 1250 ἐπί
469 1221 535 1267 τῳ
566 1196 864 1262 γεγενημένοι
898 1199 967 1245 ¹¹02
995 1195 1077 1257 μὲν
1104 1199 1197 1244 τῶν
1236 1195 1476 1258 δημοσίων
1503 1196 1746 1255 οἰκοδομη-

234 1282 395 1345 μάτων
439 1280 723 1346 σεμνοτέρας
765 1278 849 1332 τάς
893 1280 1008 1331 ἰδίας
1052 1279 1195 1330 οἰκίας
1238 1276 1650 1338 κατεσκευάκασιν,
1691 1277 1797 1326 οὑιο

235 1365 379 1429 μόνον
405 1370 498 1415 τῶν
525 1368 725 1415 πολλῶν
760 1362 1196 1429 ὑπερηφανωτέρας,
1223 1365 1264 1411 οἱ
1303 1360 1351 1411 δὲ
1389 1363 1480 1425 γῆν
1505 1382 1742 1423 συνεωνη-

168 1471 224 1511 34
235 1449 364 1512 μένοι
391 1453 698 1514 γεωργοῦσιν,
725 1446 846 1508 ὅσην
873 1446 962 1495 οὐδ’
993 1444 1106 1509 ὄναρ
1141 1445 1356 1508 ἤλπισαν
1386 1444 1591 1494 πώποτε.
1635 1441 1743 1492 τού-

234 1555 329 1583 των
365 1533 402 1582 δ’
432 1531 577 1581 α’ίτιον
615 1530 866 1581 Χὰπάντων
901 1528 970 1578 ὅτι
1006 1527 1109 1578 τότε
1148 1527 1232 1590 μὲν
1271 1530 1295 1577 ὁ
1332 1530 1475 1590 δῆμος
1515 1524 1750 1589 δεσπότης

235 1614 293 1679 ἦν
333 1617 409 1665 καὶ
450 1614 602 1679 κύριος
650 1614 884 1672 ἁπάντων,
927 1612 1003 1661 καὶ
1041 1609 1286 1675 ἀγαπητὸν
1330 1609 1387 1673 ἧν
1429 1611 1538 1675 παρ’
1576 1609 1749 1659 ἐκείνου

236 1702 330 1748 τῶν
369 1698 534 1747 ἄλλων
570 1697 755 1765 ἑκάστῳ
790 1698 865 1746 καὶ
899 1697 1034 1757 τιμῆς
1074 1696 1149 1744 καὶ
1175 1696 1322 1760 ἀρχῆς
1357 1698 1431 1744 καὶ
1458 1695 1639 1758 ἀγαθοῦ
1675 1714 1744 1741 τι·
1765 1713 1800 1744 15

239 1780 316 1834 νὸς
352 1780 750 1844 μεταλαμβάνειν·
795 1784 911 1829 Υνῦν
950 1777 998 1827 δὲ
1039 1778 1308 1827 τούναντίον
1345 1777 1492 1842 κύριοι
1536 1775 1620 1839 μὲν
1660 1779 1754 1825 τῶν

238 1866 430 1928 ἀγαθῶν
470 1864 607 1924 οῦτοι,
648 1865 723 1913 καὶ
757 1861 832 1912 διὰ
873 1860 1050 1911 τούτων
1085 1858 1270 1910 ἅπαντα
1311 1859 1602 1926 Ζπράττεται,
1642 1859 1667 1908 ὁ
1703 1857 1753 1908 δὲ

239 1950 384 2010 δῆμος
422 1948 469 1996 ἐν
507 1947 736 2011 ὑπηρέτου
776 1946 851 1995 καὶ
885 1941 1162 2009 προσθήκης
1197 1942 1336 2008 μέρει,
1363 1945 1438 1992 καὶ
1474 1944 1601 2005 ὑμεῖς
1627 1943 1748 2007 ἀγα-

543 2027 698 2079 1)οῦτοι
724 2029 1031 2091 θμεταδιδῶσι
1057 2025 1398 2089 λαμβάνοντες.

239 2035 399 2080 πᾶτεὸ
407 2028 438 2078 ἂ
461 2029 518 2079 ἂν

173 2127 225 2169 35
315 2117 581 2177 Τοιγαροῦν
619 2114 667 2161 ἐκ
707 2134 886 2162 τουτων
922 2115 1114 2160 τοιαῦτα
1150 2133 1210 2159 τα
1247 2109 1505 2175 πράγματα
1542 2112 1625 2172 τῆς
1658 2108 1751 2160 πό-

241 2196 360 2248 λεως
400 2196 543 2256 ἐστιν,
581 2216 704 2243 ωστε
745 2193 787 2243 ε’ί
824 2216 893 2246 τις
937 2194 1159 2257 ἀναγνοίη
1201 2191 1260 2242 τὰ
1297 2193 1594 2264 ψηφίσματα
1628 2193 1756 2255 ὑμῶν

241 2300 316 2327 και
357 2276 439 2330 τὰς
481 2277 676 2345 πράξεις
715 2276 886 2345 ἐφεξῆς
926 2276 1114 2336 διέλθοι,
1155 2276 1247 2325 οὐδ’
1285 2274 1341 2325 ἂν
1378 2275 1440 2328 εἷς
1475 2273 1756 2326 ἀπιστεύσαι

241 2365 335 2410 Τῶν
361 2361 513 2410 αυΤῶν
540 2358 653 2410 Εἶναι
691 2381 839 2409 ΤαυΤα
877 2360 1076 2408 ΚαΚΕῖνα.
1120 2380 1217 2407 otov
1247 2381 1278 2408 α
1305 2381 1424 2424 προς
1461 2380 1568 2410 Tovs*
1606 2381 1750 2408 Kara-

817 2469 851 2487 00'

294 2497 315 2524 k
335 2501 530 2545 παρέδοσαν
549 2514 604 2545 γρ.
625 2500 667 2533 Y.
697 2499 893 2544 παρέδωκαν
914 2498 951 2532 F.
982 2498 1178 2542 παρέδωκαν
1198 2497 1315 2542 vulgo.
1466 2494 1476 2521 Ῑ
1497 2498 1525 2531 δ’
1547 2509 1616 2531 om.
1637 2509 1689 2543 pr.
1711 2498 1753 2533 Y.

241 2559 272 2577 m
292 2552 481 2597 πολιτείας]
504 2552 637 2587 πόλεως
656 2553 730 2586 ΡΝ.
748 2557 783 2585 et
802 2563 853 2596 pr.
877 2551 919 2585 Y.
1006 2556 1024 2574 Π
1045 2551 1097 2584 καὶ
1118 2551 1308 2583 Μιλτιάδου
1328 2562 1397 2584 om.
1419 2549 1548 2585 F.S.O.
1625 2555 1643 2575 0
1663 2550 1756 2594 ὑμῶν

241 2603 331 2639 οἶδεν
350 2606 433 2639 A.S.
483 2605 682 2651 Legebatur
706 2602 795 2638 οἶδεν
815 2604 917 2646 ὑμῶν.
1077 2609 1096 2636 Ι)
1126 2603 1441 2649 κατασκευάζουσα]
1476 2604 1527 2636 καὶ
1548 2604 1755 2637 κατασκευά-

241 2661 346 2700 ζουσα
367 2658 411 2692 Ο.
533 2664 552 2691 q
571 2659 683 2704 ταῦτ’]
708 2656 798 2691 τοῦτ’
821 2657 856 2690 S.
978 2661 993 2680 Γ
1013 2655 1089 2700 ὑμῖν
1109 2668 1177 2690 om.
1202 2656 1246 2690 Ο.
1270 2657 1443 2702 expungit
1462 2656 1506 2690 Y.
1634 2661 1649 2681 ⁵
1669 2657 1752 2690 διοι-

239 2713 307 2745 κεῖν
326 2711 362 2744 In
382 2726 436 2756 γρ.
461 2712 495 2744 S.
626 2711 635 2731 ¹
657 2710 686 2744 δ’
707 2710 755 2755 οἱ]
780 2710 815 2743 δὲ
835 2721 887 2754 pr.
911 2710 946 2743 S.
1085 2714 1103 2733 Π
1124 2710 1155 2742 οἱ
1174 2721 1242 2743 om.
1266 2721 1317 2754 pr.
1342 2710 1377 2743 S.
1505 2715 1523 2734 Χ
1543 2709 1754 2743 ἁπάντων-

239 2765 409 2807 δεσπότης
430 2762 467 2806 ἧν
490 2764 524 2798 S.
554 2762 784 2805 πάντων--ἧν
803 2762 973 2805 δεσπότης
991 2762 1110 2807 vulgo.
1208 2768 1225 2795 Υ
1249 2761 1324 2806 νῦν]
1349 2762 1421 2795 νυνὶ
1441 2761 1516 2797 F.V.
1610 2767 1628 2786 Ζ
1649 2762 1753 2807 πράτ-

238 2831 330 2850 τεται
350 2828 419 2850 om.
443 2817 521 2850 RS.
645 2822 664 2841 a
682 2814 703 2849 ἂ
721 2813 760 2849 ἂν
780 2815 864 2850 A.S.
887 2820 923 2848 et
941 2829 996 2860 γρ.
1019 2815 1057 2848 F.
1088 2815 1128 2847 ἅν
1147 2829 1180 2848 τι
1199 2815 1316 2859 vulgo.
1441 2812 1457 2833 ¹²
1477 2813 1571 2848 οὗτοι
1593 2815 1629 2848 S.
1657 2814 1754 2847 αὐτοὶ

238 2870 356 2914 vulgo.
388 2869 464 2912 ὑμῖν
485 2868 577 2902 οὗτοι
597 2870 638 2902 Α.
725 2873 742 2892 ⁰
760 2867 984 2913 μεταδιδῶσι]
1009 2865 1216 2910 μεταδίδωσι
1235 2868 1276 2901 Α.
1297 2872 1332 2901 et
1351 2881 1408 2912 γρ.
1432 2867 1472 2901 Β.
1570 2864 1590 2892 d
1609 2865 1749 2901 πιστεύ-

239 2935 297 2955 σαι
316 2922 398 2955 A.S.
434 2922 634 2966 Legebatur
653 2919 866 2955 πιστεύσειε.
