1882 3250
218 159 300 200 150
758 160 1220 215 [ΔΗΜΟΣΘΕΝΟΎΣ]
1391 160 1474 199 On.
1497 159 1558 199 X.
1581 174 1621 214 p.
1644 172 1735 211 140,
1756 180 1852 205 12..-

585 272 595 300 l

218 279 245 302 ⁴⁴
265 272 455 340 ἐχθρὸς”
485 276 560 324 καὶ
601 272 756 325 πάντα
781 273 840 324 τὰ
865 279 1068 325 τοιαῦτα.
1109 273 1202 338 ἐγὼ
1228 272 1321 339 γὰρ
1357 272 1470 323 ὅταν
1493 273 1614 323 mrcv’
1642 273 1663 323 ἰ’
1690 297 1726 324 ω

218 354 300 408 τὸν
334 356 419 420 μὲν
450 358 498 408 ἐν
533 357 734 410 Σούσοις
770 359 845 407 καὶ
878 356 1224 417 ΠἘκβατάνοις
1258 354 1495 407 δεδοικότα
1535 358 1610 406 καὶ
1641 379 1725 407 κα-

219 439 384 491 κόνουν
409 439 521 491 εἶναι
556 444 614 508 τῇ
651 439 789 492 πόλει
816 440 1079 509 φάσκοντα,
1107 438 1156 492 ὃς
1183 441 1257 490 καὶ
1284 446 1302 465 ⁰
1318 439 1546 505 πρότερον
1571 446 1590 474 Ρ
1607 462 1726 490 συν-

220 523 533 590 επηνώρθωσε
569 523 628 574 τὰ
653 527 734 587 τῆς
772 524 955 577 πόλεως
993 521 1252 588 πράγματα
1278 525 1352 573 καὶ
1380 529 1461 573 νῦν
1487 524 1726 589 ἐπηγγέλ-
1746 551 1781 583 ¹5

152 621 207 663 39
221 613 332 657 λετο
374 608 431 670 (εἰ
470 607 517 658 δὲ
555 607 619 672 μὴ
652 608 859 674 ἐδέχεσθ’
903 609 1040 671 ὑμεῖς,
1077 610 1184 658 ἀλλ’
1231 606 1637 676 Ἷάπεψηφίζεσθε,
1678 609 1731 658 οὐ

220 689 281 740 τά
318 698 400 756 Γγε
438 693 607 742 ἐκείνου
646 691 806 760 α’ίτια),
847 690 960 756 ὑπὲρ
997 691 1045 741 δὲ
1080 696 1162 741 τοῦ
1200 692 1273 742 ἐπὶ
1317 696 1416 744 ταῖς
1451 691 1611 756 θύραις
1648 692 1726 756 ε’γ-

221 773 307 840 γὺς
333 777 507 826 οὑτωσὶ
533 777 580 826 ἐν
605 776 729 843 μέσῃ
762 780 818 842 τῇ
853 774 1058 826 “Ελλάδι
1084 775 1402 843 αὐξανομένου
1428 779 1612 842 λῃστοῦ
1638 779 1732 826 τῶν

220 858 473 922 Ἑλλήνων
507 858 634 910 ἄλλο
672 882 716 910 τι
749 866 762 886 ⁵
781 859 997 923 λέγοντα,
1025 857 1258 924 θαυμάζω,
1290 859 1366 908 καὶ
1399 859 1580 908 δέδοικα
1619 863 1726 909 τοῦ·
1743 889 1785 911 20

221 966 316 1004 τον,
344 942 475 997 ὅστις
500 941 557 994 ἂν
580 941 608 1010 ᾖ
634 944 753 1005 ποτ’,
780 943 933 1008 ἔγωγ’,
960 941 1115 1005 ἐπειδὴ
1142 943 1229 1008 οὐχ
1253 942 1266 968 ²
1283 941 1416 994 οὗτος
1444 942 1703 992 Φίλιππον.

152 1041 210 1080 40
286 1025 436 1077 ’Έστι
473 1028 628 1078 τοίνυν
662 1035 735 1077 un
772 1032 971 1094 πρᾶγμα
1010 1029 1084 1077 καὶ
1120 1026 1260 1089 ἄλλο,
1288 1024 1312 1076 ὃ
1339 1027 1611 1089 λυμαίνεται
1649 1025 1734 1090 τὴν

220 1109 363 1162 πόλιν
402 1110 490 1162 ὑπὸ
528 1111 847 1179 βλασφημίας
879 1110 1038 1161 ἀδίκου
1077 1111 1151 1160 καὶ
1187 1109 1349 1175 λόγων
1381 1111 1434 1159 οὐ
1468 1108 1737 1175 προσηκόν-

221 1218 315 1246 των
351 1194 742 1259 διαβεβλημένην,
769 1193 867 1245 εἶτα
901 1199 995 1247 τοῖς
1029 1193 1173 1258 μηδὲν
1208 1198 1302 1244 τῶν
1337 1194 1560 1244 Χδικαίων
1595 1195 1644 1244 ἐν
1677 1197 1736 1261 τῇ

221 1280 470 1348 Υπολιτείᾳ
519 1277 824 1341 βουλομένοις
887 1283 1034 1328 ποιεῖν
1087 1276 1336 1345 πρόφασιν
1386 1277 1593 1344 παρέχει·
1660 1280 1735 1329 καὶ

1866 939 1874 1134 j

1867 1177 1873 1292 ἶ

1868 1295 1874 1330 ὗ

279 1362 291 1377 t
474 1362 496 1379 et
622 1363 632 1378 ι
726 1363 737 1379 t
912 1362 923 1377 t
1165 1360 1178 1375 Ι
1398 1361 1408 1378 Ι
1672 1364 1682 1378 ³
1718 1365 1732 1381 x
1868 1334 1872 1359 Ι

221 1387 425 1425 παντων,
472 1385 566 1414 οσα
610 1369 822 1424 εκλειπει,
868 1365 971 1412 δεον
1014 1369 1177 1428 Ζπαρα
1227 1385 1310 1412 του
1355 1366 1617 1427 γιγνεσθαι,
1659 1385 1785 1426 επι25
1868 1362 1873 1484 ι

152 1449 346 1510 4ιτοῦθ’
385 1446 603 1514 εὑρήσετε
641 1445 726 1510 τὴν
761 1446 911 1496 αἰτίαν
945 1445 1344 1513 Ἆάναφερομένην.
1384 1448 1489 1512 περὶ
1523 1446 1577 1497 οὗ
1611 1445 1735 1497 πάνυ

221 1531 305 1596 μὲν
351 1537 591 1600 φοβοῦμαι
644 1529 848 1596 ἱ’λε’γειν,
891 1531 944 1580 οὐ
994 1528 1087 1594 μὴν
1137 1531 1246 1580 ἀλλ’
1294 1532 1398 1595 ε’ρῶ·
1468 1528 1593 1594 οἶμαι
1643 1529 1736 1595 γὰρ
1867 1486 1873 1586 Ι

224 1616 344 1685 ἕξειν
379 1618 454 1666 καὶ
485 1614 599 1681 ὑπὲρ
639 1619 732 1665 τῶν
767 1613 957 1681 ἀπόρων
991 1613 1050 1665 τὰ
1076 1615 1227 1665 δίκαια
1253 1616 1326 1665 ἐπὶ
1353 1619 1418 1684 τῷ
1444 1615 1737 1684 συμφέροντι

223 1704 306 1764 τῆς
330 1700 515 1752 πόλεως
549 1702 690 1750 εἰπεῖν
714 1697 832 1765 πρὸς
870 1697 976 1751 τοὺς
1016 1697 1238 1765 εὐπόρους
1270 1701 1346 1749 καὶ
1378 1698 1491 1765 ὑπὲρ
1525 1703 1620 1750 τῶν
1658 1722 1731 1750 κε·-

224 1783 464 1848 κτημένων
489 1782 572 1836 τὰς
599 1782 760 1835 οὐσίας
786 1781 905 1848 πρὸς
930 1780 1037 1835 τοὺς
1065 1785 1334 1844 εκαταδεεῖς,
1354 1787 1391 1833 εἰ
1417 1783 1660 1847 ἀνέλοιμεν
1686 1784 1735 1834 ἐκ
1753 1805 1827 1845 141

403 1865 422 1893 ἀ
438 1869 513 1918 καὶ
539 1866 621 1920 τὰς
647 1867 965 1934 βλασφημίας
991 1863 1044 1919 ἃς
1076 1868 1149 1918 ἐπὶ
1176 1871 1241 1936 τῷ
1268 1871 1473 1936 θεωρικῷ
1497 1868 1743 1919 ποιοῦνταί

225 1867 375 1930 μέσου

423 1952 432 1966 )
470 1954 484 1970 Χ
627 1952 637 1969 Ι
798 1953 812 1969 Χ
880 1949 892 1964 x
1016 1950 1026 1964 Ῐ
1201 1953 1211 1966 (
1315 1953 1324 1967 5
1436 1951 1448 1967 s
1687 1957 1706 1966 Α

225 1975 344 2006 τινες
383 1975 486 2019 ουχι
513 1954 711 2013 δικαιως,
738 1974 814 2001 και
847 1974 930 2001 τον
962 1954 1131 2017 φοβον,
1159 1957 1245 2004 Εως
1276 1974 1328 2001 ου
1355 1974 1586 2015 στησεται
1625 1975 1733 2003 του-

225 2060 280 2087 το
307 2036 414 2087 ὀίνευ
440 2034 653 2101 μεγάλου
678 2033 802 2088 τινὸς
829 2040 987 2085 κακοῦ·
1030 2033 1045 2060 f
1058 2035 1111 2085 οὗ
1138 2042 1158 2069 g
1175 2034 1305 2086 οὐδὲν
1331 2034 1389 2086 ἂν
1415 2040 1475 2089 εὶς
1501 2035 1559 2086 τὰ
1583 2035 1738 2102 πράγ-

225 2145 351 2185 ματα
388 2120 541 2186 μεῖζον
575 2121 964 2185 εἰσενεγκαίμεθα,
1005 2121 1098 2171 οὐδ’
1141 2120 1165 2170 ὅ
1203 2144 1247 2171 τι
1285 2125 1415 2189 κοινῇ
1453 2126 1645 2184 μᾶλλον
1679 2121 1766 2178 ἂν5

1214 2204 1277 2256 ὲΙ]

157 2229 212 2266 42
227 2208 345 2270 ὅλην
371 2204 643 2272 ἐπιρρώσειε
669 2202 755 2268 τὴν
780 2203 939 2256 πόλιν.
983 2205 1158 2255 οὑτωσὶ
1185 2207 1212 2255 δ
1297 2210 1531 2257 σκοπεῖτε·
1574 2207 1663 2272 ἐρῶ
1690 2205 1733 2256 δ’

280 2384 291 2412 l
308 2387 417 2420 πάντα
439 2386 473 2420 S.
504 2384 634 2419 ἅπαντα
652 2385 769 2430 mllgo.
882 2391 911 2409 m
931 2388 1005 2420 τινὰ
1024 2392 1104 2432 post
1123 2385 1184 2421 ἴδω
1203 2387 1304 2433 ponit
1325 2387 1368 2422 O.
1390 2399 1461 2421 om.
1483 2398 1514 2420 v.
1536 2392 1570 2421 et
1590 2399 1642 2432 pr.
1658 2387 1738 2422 Y.u.
1869 2377 1874 2409 ἶ

227 2446 244 2461 ¹¹
263 2439 499 2485 Ἐκβατάνοις]
524 2439 559 2473 ἐν
579 2439 774 2478 ε’κβατάνοις
795 2439 907 2473 F.u.v.
931 2447 965 2473 et
985 2452 1054 2474 ree.
1079 2440 1122 2474 Ο.
1286 2445 1303 2465 ⁰
1333 2440 1516 2487 πρότερον]
1541 2444 1677 2485 πρῶτον
1697 2441 1738 2476 F.
1869 2441 1873 2447 ⁴

226 2500 245 2528 1¹
266 2492 573 2539 συνεπηνώρθωσε]
596 2492 880 2536 συνεπηνόρθωσε
902 2493 936 2526 S.
1049 2501 1066 2528 (1
1097 2493 1378 2541 ἀπεψηφίζεσθε]
1403 2494 1678 2539 ἀπεψηφίσασθε
1700 2494 1739 2528 F.
1870 2480 1882 2537 ι,

1879 2544 1882 2570 Ι

226 2600 333 2636 οὕτως
353 2613 405 2647 pr.
429 2600 463 2634 S.
559 2605 581 2624 u
600 2613 632 2632 τι
653 2611 723 2633 om.
747 2599 782 2634 S.
881 2607 897 2625 Χ
920 2600 1054 2634 δικαίων
1073 2607 1154 2646 post
1173 2601 1328 2645 πολιτείᾳ
1348 2602 1448 2647 ponit
1466 2602 1502 2637 S.
1600 2607 1620 2637 :v'
1641 2603 1740 2634 πολι-

226 2653 315 2701 τείᾳ]
339 2656 438 2689 πόλει
458 2666 491 2688 v.
606 2659 621 2678 Ζ
640 2653 731 2698 παρά
750 2667 810 2686 του
830 2653 964 2688 A.S.O.
986 2660 1020 2688 ct
1040 2669 1096 2700 γρ.
1118 2667 1151 2689 v.
1173 2655 1263 2700 παρὰ
1281 2657 1383 2689 τοῦτο
1402 2655 1520 2702 ῐᾞῙὲο.
1624 2660 1644 2680 a
1661 2653 1740 2688 ἀνα-

1534 2705 1583 2735 ἐπι

227 2740 434 2787 φερομένην]
460 2741 688 2785 ἐκφερομένην
710 2739 753 2774 Ο.
831 2739 847 2762 b
867 2740 980 2786 λέγειν
999 2753 1068 2775 om.
1094 2741 1128 2776 S.
1209 2745 1222 2761 ‘⁴
1242 2741 1385 2776 ἐπιδεεῖς
1403 2742 1433 2775 Α
1451 2741 1488 2776 S.
1519 2742 1687 2776 καταδεεῖς
1700 2740 1740 2774 F.

228 2796 396 2829 καταδεεῖς
416 2795 534 2839 vulgo.
687 2790 705 2818 d
735 2794 787 2828 καὶ
807 2794 965 2828 additum
986 2807 1028 2828 ex
1049 2795 1133 2830 RS.
1290 2800 1305 2819 e
1329 2794 1373 2830 ὡς
1393 2807 1462 2829 om.
1484 2807 1535 2841 pr.
1559 2795 1593 2830 S.
1617 2795 1678 2829 sed
1697 2794 1740 2828 ab
1808 2827 1811 2830 .
1869 2803 1882 2839 ,“

228 2849 348 2882 eadem
370 2860 417 2882 m.
439 2848 607 2881 additum.
719 2844 735 2871 f
753 2846 792 2881 οὗ
812 2859 883 2883 om.
908 2848 942 2882 S.
966 2854 1001 2882 et
1020 2861 1071 2894 pr.
1097 2848 1140 2883 O.
1244 2852 1260 2875 ³³
1278 2847 1484 2894 οὐδὲν].οὐδ’
1505 2854 1682 2883 correctus
1702 2847 1738 2882 S.

229 2898 247 2926 ¹¹
271 2901 447 2947 σκοπεῖτε]
473 2902 593 2935 σκόπει
615 2902 650 2934 S.

1869 1878 1873 2039 ἰ

1869 2041 1874 2127 ἓ

1869 2137 1873 2160 Ι

1869 2178 1874 2314 ἱ

1869 2319 1874 2362 l

1870 2415 1873 2439 1

1869 2453 1873 2474 ι

1868 2501 1873 2539 5

228 2548 392 2582 Y.O.n.v.
505 2554 519 2572 Γ
538 2561 577 2592 γε
598 2557 668 2579 om.
691 2546 775 2579 A.S.
877 2553 890 2571 S
910 2545 1073 2594 λέγοντα]
1098 2549 1261 2593 λέγοντος
1282 2548 1360 2592 (Sic)
1377 2561 1430 2594 pr.
1455 2548 1490 2582 S.
1588 2545 1602 2572 t
1621 2546 1736 2594 οὗτος]
1868 2541 1874 2671 Ι

1868 2844 1872 2875 l

1868 3030 1872 3059 Ι
