1903 3271
157 629 303 686 184τὸ
340 633 469 695 κοινῇ
509 628 709 695 χρήμαθ’
744 628 853 691 ἡμῖν
890 625 1007 676 Χτὸν
1047 626 1290 676 Φίλιππον
1328 622 1517 675 διδόναι.
1578 624 1653 674 ἵνα
1686 622 1769 674 Υδὲ

161 1384 239 1438 185
255 1383 446 1444 ἐδίδοτο,
491 1381 620 1450 ξένια
664 1379 748 1444 ἰδὴ
792 1379 1056 1448 πρόφασιν.
1126 1378 1279 1442 ἐπειδὴ
1325 1379 1361 1428 δ’
1406 1379 1626 1428 ἐκώλυσα
1669 1377 1777 1442 ἐγὼ,

247 182 332 222 414
810 184 1240 222 ΔΗΜΟΣΘΕΝΟΎΣ
1349 180 1431 220 Oa.
1453 179 1591 219 XIX.
1613 193 1654 234 p.
1672 192 1771 234 393,
1792 195 1830 220 ις

246 294 332 358 μὲν
366 296 521 346 τοίνυν
555 294 662 348 τοὺς
695 295 1025 362 αἰχμαλώτους
1060 293 1315 358 ἀνασώζειν
1347 293 1459 342 Ρκαὶ
1494 291 1656 357 ζητεῖν,
1690 293 1767 342 καὶ

248 386 268 413 ‘³
283 381 390 445 παρ’
440 380 640 442 ἐμαυτοῦ
689 386 704 404 ¹
719 401 769 429 τε
820 376 1016 444 χρήματ’
1067 377 1340 426 ἀναλίσκειν
1397 377 1472 426 καὶ
1523 377 1768 426 Φίλιππον

249 463 449 531 5ἀξιοῦν,
470 460 534 512 ὧν
560 463 669 525 ἡμῖν
694 462 843 511 ἐδίδου
870 460 1046 528 ξενίων,
1072 459 1264 511 τούτους
1290 458 1575 509 ἴλύσασθαι·
1604 458 1767 512 “οὗτος

251 546 299 598 δὲ
320 547 484 597 αὐτίκα
503 545 768 596 ἀκούσεσθε
793 546 842 594 τί
863 548 1009 595 ποιῶν
1029 544 1304 593 διετέλεσεν.
1347 543 1395 592 τί
1417 542 1497 592 οὖν
1519 540 1576 605 ἧν
1595 546 1733 591 τοῦτο
1751 562 1763 601 ;
1783 566 1816 598 ¹⁵

1088 713 1107 721 Α

249 714 365 778 μηδὲ
403 714 523 763 τοῦτ’
558 714 768 777 ἀγνοῆτε,
805 713 971 762 ἐκεῖνος
1013 710 1134 771 ἡμας
1168 707 1522 773 Ζδιεκωδώνιζεν
1560 707 1771 760 ἅπαντας

671 792 890 862 1)ε“κοὶστω
923 791 1254 858 προσπέμπων
1290 792 1395 859 ἰδίᾳ,
1432 792 1507 841 καὶ
1541 790 1670 841 πολύ
1704 813 1772 855 γε,

250 797 388 847 ὃτίνα
421 793 627 861 τρόπους

250 878 287 930 ὦ
321 879 485 945 ἄνδρες
518 880 775 942 Ἀθηναῖοι,
803 876 956 930 διδοὺς
990 876 1206 943 χρυσίον.
1262 878 1324 929 ὡς
1359 877 1395 925 δ’
1426 877 1773 941 ςὰπετύγχανεν

252 961 537 1026 ὁτουδήποτε
577 962 652 1025 (οὐ
690 960 783 1026 γὰρ
818 960 902 1022 ἐμέ
934 961 976 1025 γ’
1011 963 1154 1010 εἰπεῖν
1193 957 1392 1021 ἐμαυτὸν
1427 962 1507 1021 δεῖ,
1545 957 1677 1008 ἀλλὰ
1713 957 1772 1008 τὰ
1786 983 1826 1004 20

252 1047 369 1113 ἔργα
411 1048 485 1096 καὶ
531 1045 590 1096 τὰ
634 1044 920 1110 πεπραγμέν’
963 1042 1082 1094 αὐτὰ
1126 1043 1370 1110 δηλώσει),
1409 1041 1470 1092 τὰ
1513 1045 1644 1109 κοινῇ
1687 1043 1767 1091 δο-

252 1130 393 1181 θέντα
419 1128 624 1182 ἀπάντας
651 1130 807 1193 ἡγεῖτο
833 1127 1031 1191 Εεύήθως
1056 1126 1346 1195 Ῑτλήψεσθαι·
1388 1124 1660 1195 ἀσφάλειαν
1693 1125 1775 1176 οὖν

252 1215 450 1265 ε”σεσθαι
488 1218 584 1266 τοῖς
620 1225 643 1261 g
661 1212 752 1280 ἰδία
790 1211 1087 1278 πεπρακόσιν
1125 1208 1306 1272 αὑτοὺς,
1342 1215 1378 1260 εὶ
1421 1213 1496 1260 καὶ
1535 1209 1654 1260 κατὰ
1691 1232 1770 1273 μι-

466 1303 484 1313 a,

254 1298 367 1365 κρὸν
403 1321 486 1348 του
524 1296 729 1357 11λαβεῖν
767 1300 897 1363 κοινῇ
935 1295 1107 1350 πάντες
1147 1295 1479 1362 μετάσχοιμεν.
1535 1293 1610 1344 διὰ
1645 1294 1772 1344 ταῦτ’
1789 1315 1827 1347 25

253 1465 402 1517 πάλιν
453 1465 870 1531 προσδιενείμαντο
921 1462 1082 1513 ιςτοῦθ’
1129 1463 1269 1512 οὗτοι.
1338 1465 1404 1530 τῷ
1451 1461 1678 1530 Φιλίππῳ
1724 1462 1778 1522 δ’,

704 1546 837 1601 1τοὺς
876 1546 1206 1613 αἰχμαλώτους
1241 1545 1405 1614 ἠξίουν
1435 1545 1625 1596 ῐΠαύτὸν
1659 1546 1777 1595 ἀνα-

253 1548 410 1613 ἐπειδὴ
447 1553 577 1599 ταῦτ’
605 1552 665 1601 εἰς

257 1635 442 1684 λίσκειν
480 1631 586 1698 ἐγὼ,
626 1633 730 1682 οὕτε
769 1635 1038 1681 ῑικατειπεῖν
1080 1629 1258 1680 τούτων
1301 1627 1393 1695 εἶχε
1439 1633 1610 1691 καλῶς,
1649 1629 1779 1679 οοῦτ’

257 1722 402 1769 εἰπεῖν
433 1717 504 1767 ὅτι
530 1723 557 1745 “
574 1717 684 1766 ἀλλ’
714 1714 906 1781 ἔχουσιν
940 1715 965 1764 ὁ
1001 1718 1126 1764 δεῖνα
1161 1716 1236 1763 καὶ
1271 1714 1295 1762 ὁ
1329 1714 1493 1774 δεῖνα,”
1522 1713 1625 1763 οὔτε
1651 1717 1814 1780 Ρφυ-3

256 1806 356 1867 γεῖν
393 1799 447 1851 τὸ
487 1800 730 1862 ἀνάλωμα·
785 1806 802 1833 ‘¹
820 1798 1107 1863 ὡμολόγησε
1151 1796 1236 1860 μὲν
1277 1796 1346 1860 δὴ,
1387 1795 1691 1862 διεκρούσατο
1734 1794 1784 1846 δὲ

257 1889 321 1938 εἷς
378 1883 437 1934 τὰ
493 1883 803 1947 Παναθήναια
853 1881 1048 1950 1’φήσας
1107 1880 1421 1947 ἀποπέμψειν.
1493 1881 1635 1946 8λε’γε
1698 1879 1784 1944 τὴν

255 1968 518 2035 μαρτυρίαν
547 1965 632 2031 τὴν
660 1964 1077 2034 Ἀπολλοφάνους,
1106 1963 1204 2015 εἶτα
1238 1963 1324 2028 τὴν
1357 1969 1451 2014 τῶν
1489 1964 1656 2014 ἄλλων
1689 1967 1783 2014 τῶν

258 2055 270 2078 t
283 2049 547 2118 παρόντων.

314 2179 335 2208 P
355 2172 408 2205 καὶ
426 2183 495 2205 0111.
516 2183 545 2204 r.
683 2176 702 2203 q
722 2169 1053 2214 παρ’-ἀναλίσκειν
1074 2169 1126 2201 καὶ
1147 2180 1215 2202 om.
1236 2168 1272 2201 k.
1414 2172 1428 2190 Γ
1446 2180 1483 2200 τε
1503 2166 1663 2200 additum
1683 2178 1726 2200 ex
1747 2166 1784 2201 S.

260 2232 275 2252 S
295 2224 430 2270 ἀξιοῦν]
456 2223 571 2268 ἠξίουν
590 2224 737 2257 A.k.r.s.
846 2225 856 2247 ἵ
876 2221 1070 2266 λύσασθαι]
1096 2220 1269 2255 λύσεσθαι
1290 2221 1403 2254 A.k.r.
1506 2225 1528 2244 ¹¹
1547 2218 1664 2265 οὗτος]
1686 2220 1788 2254 αὐτὸς

261 2279 410 2317 Q.t.u.v.
542 2283 561 2301 X
582 2278 641 2310 τὸν
660 2276 833 2310 Φίλιππον
852 2276 919 2309 hoc
938 2276 1016 2309 loc-o
1039 2275 1122 2308 SX.
1153 2274 1353 2319 Legebatur
1372 2279 1455 2319 post
1475 2275 1580 2315 κοινῇ.
1710 2279 1730 2306 y
1750 2273 1787 2307 δὲ
1846 2267 1847 2271 “

261 2331 379 2366 addidi
399 2343 440 2364 ex
462 2331 538 2364 cod.
560 2332 770 2375 Augustano
791 2329 956 2363 secundo.
1042 2336 1056 2353 ³¹-
1077 2328 1312 2369 διεκωδώνιζεν
1333 2327 1418 2361 SX.
1450 2326 1651 2372 Legebatur
1670 2326 1785 2360 διεκω-

261 2385 417 2419 δώνισεν.
449 2384 699 2426 διεκωδώνησεν
720 2383 760 2417 F.
863 2387 881 2406 ὃ
902 2382 975 2415 τίνα
997 2381 1118 2420 S.Y.Q
1132 2381 1282 2416 A.k.r.s.
1314 2394 1388 2414 τινα
1406 2380 1526 2425 vulgo.
1620 2378 1636 2400 b
1655 2379 1787 2427 ἑκάστῳ
1849 2391 1853 2397 “

262 2450 332 2472 om.
350 2438 389 2471 F.
411 2445 491 2471 ante
513 2437 585 2470 τίνα
606 2436 705 2482 ponit
725 2436 770 2474 Q.
793 2441 874 2469 ante
895 2436 968 2468 τινὰ
985 2435 1132 2468 O.t.u.v.
1153 2439 1235 2480 post
1254 2433 1491 2479 προσπέμπων
1506 2433 1581 2466 A.r.
1601 2438 1684 2478 post
1702 2446 1786 2478 προ-

262 2492 404 2536 πέμπων
426 2491 495 2524 k.s.
531 2491 740 2535 προπέμπων
767 2489 873 2523 etiam
894 2487 975 2522 O.u.
1169 2492 1181 2507 ⁰
1208 2484 1458 2532 ἀπετύγχανεν]
1485 2484 1722 2531 ἀπετύγχανον
1741 2485 1786 2520 Ο.

1313 2535 1421 2567 εὐθέως

264 2583 283 2611 d
302 2588 430 2621 πάντας
450 2586 687 2620 Α.8.Υ.1(.ι·.ε.
717 2584 866 2619 ἅπαντας
884 2584 1002 2630 vulgo.
1096 2588 1112 2607 e
1133 2582 1275 2628 εὐήθως]
1301 2582 1428 2626 εὐήθως
1450 2581 1537 2620 RQ.
1569 2580 1691 2616 εὐθέως
1709 2580 1785 2625 εὐή-

265 2641 330 2675 θως
351 2640 459 2674 Y.t.v.
490 2639 612 2674 εὐθέως
632 2638 675 2672 Ο.
751 2635 766 2662 f
781 2637 1178 2682 λήψεσθαι-ἔσεσθαι]
1204 2635 1547 2680 λήψεσθε-ἔσεσθε
1569 2634 1604 2668 S.
1680 2639 1701 2668 g
1720 2634 1788 2679 ι’δίᾳ

264 2692 492 2738 πεπρακόσιν]
518 2693 786 2736 διαπεπρακόσιν
806 2691 910 2724 A.k.r
927 2703 955 2724 s.
1123 2693 1138 2714 ¹¹
1161 2690 1282 2727 λαβεῖν
1302 2691 1391 2731 κοινῇ
1412 2687 1646 2722 A.S.Y.k.r.s.
1677 2689 1788 2722 κοινοῦ
1847 2717 1856 2726 ,

264 2748 386 2785 λαβεῖν
406 2746 450 2780 Ο.
481 2748 572 2787 κοινῇ
592 2746 712 2786 λαβεῖν
731 2745 850 2790 vulgo.
1001 2740 1011 2767 i
1032 2743 1071 2786 δὴ
1091 2744 1270 2788 πρόφασιν
1288 2754 1342 2787 pr.
1365 2742 1401 2775 S.
1438 2741 1639 2788 Legebatur
1658 2740 1687 2774 δ’
1707 2739 1748 2783 ἦν
1767 2739 1786 2784 ἦ

265 2801 455 2844 πρόφασις.
487 2799 505 2842 ἡ
526 2811 596 2833 om.
619 2799 763 2832 A.k.r.s.
861 2794 881 2821 k
904 2796 994 2830 τοῦθ’
1016 2796 1174 2830 additum
1195 2807 1238 2829 ex
1259 2795 1295 2829 S.
1391 2792 1401 2819 l
1421 2795 1501 2830 τοὺς
1521 2806 1592 2828 om.
1615 2793 1785 2833 F.Q.O.t.
1847 2788 1865 2809 “’

268 2859 297 2877 m
319 2853 420 2886 αὐτὸν
440 2851 651 2896 ἀναλίσκειν]
676 2851 872 2884 ἀναλίσκειν
892 2851 994 2883 αὐτὸν
1013 2850 1157 2883 A.k.r.s.
1289 2854 1308 2872 Π
1329 2849 1515 2895 κατειπεῖν]
1542 2849 1738 2881 καταλιπεῖν
1755 2859 1785 2881 r.

269 2911 286 2930 0
307 2905 396 2951 οὔτ’]
421 2904 491 2938 οὐδ’
514 2904 755 2944 F.Q.O.t.u.v.
838 2912 854 2939 P
875 2902 1016 2948 φυγεῖν]
1041 2901 1183 2948 φεύγειν
1203 2900 1291 2940 F.Q.
1367 2909 1385 2936 (1
1408 2901 1628 2948 ὡμολόγησε]
1654 2900 1786 2944 ὡμολό-

267 2973 358 3003 γησα
379 2971 406 2993 S.
438 2957 709 3003 ὡμολογήσαμεν
729 2957 857 2991 omissa
876 2957 937 3000 μὲν
957 2957 1031 2990 A.r.
1117 2963 1130 2981 Γ
1151 2955 1268 3000 φήσας
1287 2966 1357 2989 om.
1378 2967 1406 2989 r.
1488 2959 1503 2979 S
1523 2954 1623 3001 λέγε]
1647 2955 1728 3000 λέγε
1747 2953 1787 2997 δὴ

271 3011 474 3046 A.F.O.k.s.
587 3012 600 3036 t
619 3010 813 3056 παρόντων]
835 3010 1040 3044 Addebatur
1058 3008 1151 3054 λέγε,
1173 3009 1269 3054 quod
1288 3020 1358 3042 om.
1381 3007 1417 3042 S.
