1930 3266
57 190 155 235 317,
182 196 232 220 12.
574 185 699 221 ΠΕΡΙ
729 185 839 222 ΤΟΥ
868 185 1174 223 ΣΤΕΦΑΝΟὙ.
1545 187 1628 227 333

115 291 226 342 ὀὐδὲ
274 292 652 358 προαχθήσομαι,
697 295 808 343 ἀλλ’
851 294 976 347 ὅπως
1025 296 1130 345 ποθ’
1170 296 1479 359 θὺπείλημμαι
1523 300 1628 362 περὶ

122 372 311 434 τούτων,
338 376 470 439 ἀρκεῖ
490 397 580 434 μοι.

27 465 113 508 334
197 455 440 519 Βούλομαι
484 456 532 506 δὲ
574 462 668 508 τῶν
713 458 839 508 ἰδίων
879 459 1174 523 ἀπαλλαγεὶς
1216 459 1282 508 ε”τι
1325 458 1468 524 μικρὰ
1509 459 1627 525 πρὸς
1644 482 1679 513 15

271 538 286 565 f

122 541 238 602 ὑμᾶς
291 544 430 590 εἰπεῖν
455 543 560 606 περὶ
595 545 688 591 τῶν
722 546 901 593 κοινῶν.
943 545 979 591 εὶ
1008 541 1093 604 μὲν
1118 541 1211 607 γὰρ
1250 542 1380 608 ἔχεις,
1408 544 1628 609 Αἰσχίνη,

119 627 212 672 τῶν
234 621 322 672 ὑπὸ
361 629 551 673 ἕτοῦτον
585 622 668 674 τὸν
701 625 835 687 ἥλιον
861 627 1002 675 εἰπεῖν
1035 624 1295 689 ἀνθρώπων
1321 624 1452 677 ὅστις
1478 627 1630 693 ἀθῷος

117 709 199 768 τῆς
243 707 485 757 Φιλίππου
522 707 750 772 πρότερον
784 709 860 757 καὶ
898 712 980 757 νῦν
1015 710 1097 771 τῆς
1131 706 1454 774 Ἀλεξάνδρου
1493 710 1630 758 δυνα-

119 789 278 841 στείας
314 788 515 854 γέγονεν,
543 788 572 853 ἢ
607 795 701 840 τῶν
736 790 988 854 (Ελλήνων
1020 789 1047 854 ἢ
1074 795 1168 840 τῶν
1193 789 1465 857 βαρβάρων,
1491 791 1628 853 ε”ο-τω,

118 877 356 939 συγχωρῶ
390 872 497 923 11σοι
524 873 609 936 τὴν
635 872 748 937 ἐμὴν
774 873 861 924 ε’ίτε
886 874 1032 940 τύχην
1056 874 1143 924 ε’ίτε
1169 875 1426 940 δυστυχίαν
1452 873 1623 937 ὀνομά-
1643 895 1684 915 20

26 967 105 1010 335
120 954 208 1020 ζειν
247 955 410 1015 βούλει
451 955 642 1006 πάντων
686 956 863 1006 Ῐαῖτιάν
907 960 1204 1022 γεγενῆσθαι.
1249 961 1285 1006 εἰ
1327 956 1375 1006 δὲ
1426 959 1500 1007 καὶ
1538 960 1632 1006 τῶν

118 1039 411 1103 μηδεπώποτ’
459 1038 650 1090 ἰδόντων
695 1039 773 1103 ἐμὲ
823 1039 939 1103 μηδὲ
990 1039 1153 1108 φωνὴν
1203 1039 1470 1103 ἀκηκοότων
1520 1041 1631 1102 ἐμοῦ

117 1124 292 1173 πολλοὶ
330 1121 495 1172 πολλὰ
528 1124 603 1172 καὶ
639 1122 764 1173 δεινὰ
799 1123 1079 1185 πεπόνθασι,
1106 1122 1170 1186 μὴ
1206 1122 1223 1149 ¹³
1233 1121 1379 1186 μόνον
1418 1124 1514 1173 κατ’
1543 1123 1628 1173 ἄν-

118 1207 146 1255 δ
274 1204 384 1254 ’λλΧ
488 1208 501 1223 “
543 1205 553 1231 l
610 1205 656 1255 ’λ
681 1229 694 1255 ι
762 1206 818 1255 “A
855 1229 868 1255 ι
906 1209 980 1255 καὶ
1022 1206 1139 1256 ω”θν
1226 1204 1365 1256 πόσω
1403 1205 1627 1256 δικαιότε-
1645 1222 1682 1254 ²5

146 1228 851 1271 ρα,αακαιποεςοα
1060 1230 1182 1269 εη,
1339 1258 1350 1275 ι

116 1312 200 1355 ρον
226 1292 299 1340 καὶ
326 1290 645 1355 ἀληθέστερον
677 1290 762 1353 τὴν
788 1290 1022 1352 ἁπάντων,
1050 1297 1067 1315 ¹¹
1090 1293 1151 1343 ὡς
1187 1290 1343 1348 ἔοικεν,
1370 1289 1632 1354 ἀνθρώπων

117 1373 264 1439 τύχην
302 1372 483 1436 0κοινὴν
518 1375 592 1423 καὶ
633 1373 787 1441 φοράν
826 1396 930 1422 τινα
971 1372 1263 1438 πραγμάτων
1302 1372 1517 1438 χαλεπὴν
1557 1376 1630 1423 καὶ

25 1457 205 1522 336οὑχ
243 1456 343 1506 οἵαν
381 1456 468 1505 ἔδει
508 1455 683 1506 τούτων
719 1457 869 1505 αἰτίαν
903 1456 1136 1519 ἡγεῖσθαι.
1180 1454 1243 1505 συ
1284 1456 1466 1505 Ρτοίνυν
1503 1457 1629 1505 ταῦτ’

117 1541 250 1606 ἀφεὶς
287 1538 364 1601 ἐμὲ
392 1539 474 1589 τὸν
512 1538 642 1604 παρὰ
679 1542 888 1589 τουτοισὶ
924 1538 1344 1601 Ἷπεπολιτευμένον
1379 1542 1516 1606 αἰτιᾷ,
1556 1540 1631 1588 καὶ

117 1626 241 1672 ταῦτ’
280 1620 409 1674 εἰδώς
448 1621 532 1684 ὅτι,
568 1624 665 1672 Γκαὶ
705 1627 740 1672 εἱ
781 1621 845 1685 μὴ
885 1621 937 1671 τὸ
974 1621 1100 1683 ὅλον,
1136 1621 1274 1686 μερος
1309 1623 1350 1686 γ’
1383 1620 1633 1681 ἐπιβάλλει
1645 1636 1728 1680 317

116 1708 198 1767 Τῆς
241 1706 559 1772 βλασφημίας
604 1703 768 1767 ἅπασι,
815 1708 887 1755 καὶ
935 1705 1149 1767 μάλιστα
1197 1706 1290 1757 σοί.
1335 1710 1371 1755 Εἰ
1417 1704 1503 1768 μὲν
1540 1704 1632 1771 γὰρ

117 1787 206 1853 ἐγὼ
240 1793 340 1838 κατ’
370 1787 568 1849 ἐμαυτὸν
609 1788 908 1854 αὐτοκράτωρ
946 1788 1032 1837 ⁵ch
1069 1791 1174 1853 περὶ
1213 1793 1309 1838 τῶν
1341 1787 1633 1853 πραγμάτων

118 1869 446 1934 ἐβουλευόμην,
474 1869 531 1933 ἧν
564 1870 621 1920 ἂν
658 1876 752 1923 τοῖς
791 1871 962 1923 ἄλλοις
992 1869 1217 1935 ῥήτορσιν
1254 1872 1360 1933 ὑμῖν
1395 1869 1473 1932 ἐμὲ
1509 1874 1628 1920 αἱτι-

26 1971 104 2014 337
120 1958 280 2005 ᾶσθαι·
324 1958 361 2004 εἷ
414 1953 461 2003 δὲ
502 1957 678 2019 παρῆτε
724 1953 809 2016 μὲν
850 1957 897 2004 ἐν
941 1959 1040 2007 ταῖς
1089 1955 1361 2018 ἐκκλησίαις
1407 1953 1662 2016 ἁπάσαις-,5

119 2038 202 2087 tole}
234 2039 275 2086 δ’
302 2039 350 2087 ἐν
385 2041 523 2106 κοινῷ
557 2037 611 2087 τὸ
640 2037 886 2105 συμφέρον
919 2039 945 2101 ἡ
980 2037 1119 2090 πόλις
1157 2039 1394 2103 προύτίθει
1421 2043 1629 2099 σκοπεῖν,

118 2125 239 2171 πᾶσι
284 2119 332 2171 δὲ
375 2126 533 2171 “ταῦτ’
573 2119 715 2170 ἐδόκει
757 2119 878 2171 Χτότ’
925 2121 1078 2186 ἄριστ’
1123 2118 1248 2181 εἶναι,
1295 2123 1369 2171 καὶ
1414 2121 1631 2182 μάλιστα

118 2205 197 2253 σοὶ
226 2204 310 2272 (οὐ
345 2203 437 2268 γὰρ
476 2206 546 2254 ἐπ’
572 2205 725 2271 εὐνοίᾳ
759 2208 826 2268 Υγ’
856 2205 953 2266 ἐμοὶ
992 2204 1275 2270 παρεχώρεις
1312 2205 1516 2254 ἐλπίδων
1555 2205 1630 2254 καὶ

119 2285 260 2352 ζήλου
286 2288 362 2336 καὶ
387 2291 547 2348 τιμῶν,
575 2284 605 2336 ἃ
628 2286 783 2337 πάντα
807 2289 996 2351 προσῆν
1022 2291 1116 2339 τοῖς
1152 2284 1257 2336 τότε
1294 2286 1629 2351 πραττομένοις
1647 2316 1684 2337 10

118 2370 196 2419 ὑπ’
243 2371 368 2432 ἐμοῦ,
409 2368 539 2419 ἀλλὰ
583 2372 665 2432 τῆς
716 2370 936 2433 ἀληθείας
987 2369 1247 2432 ἡττώμενος
1290 2369 1509 2433 δηλονότι
1555 2372 1631 2420 καὶ

118 2456 209 2521 Ζτῷ
251 2451 395 2516 μηδὲν
440 2452 560 2519 ἔχειν
599 2455 739 2502 εἰπεῖν
785 2452 1020 2520 βέλτιον),
1065 2456 1165 2505 πῶς
1210 2453 1291 2502 οὐκ
1342 2453 1510 2506 ἀδικεῖς
1554 2454 1629 2502 καὶ

172 2598 188 2617 e
209 2593 414 2636 ὑπείλημμαι
433 2594 510 2637 περὶ
529 2592 672 2638 τούτων]
697 2595 773 2638 περὶ
792 2592 920 2627 τούτων
941 2593 1145 2638 ὑπείλημμαι
1164 2595 1199 2627 k.
1275 2590 1289 2617 f
1307 2593 1429 2638 εἰπεῖν]
1454 2595 1563 2626 ποιεῖν
1583 2592 1628 2627 Ο.

119 2650 141 2678 ἕ
159 2649 279 2680 τοῦτον
301 2647 337 2680 S.
370 2646 593 2680 Scribebatur
611 2645 757 2680 τουτονί.
868 2644 888 2670 h
909 2660 966 2679 σοι
985 2646 1021 2680 in
1040 2661 1094 2692 γρ.
1113 2660 1151 2687 8.,
1174 2658 1243 2680 om.
1268 2646 1304 2679 S.
1402 2642 1411 2669 i
1430 2645 1538 2679 αἰτίαν
1557 2658 1627 2680 om.

119 2710 170 2743 pr.
193 2699 227 2732 S.
339 2696 357 2722 k
378 2700 480 2741 μόνον
500 2711 570 2733 om.
592 2711 620 2733 r.
707 2696 718 2723 Ῑ
737 2699 871 2744 πόλεις]
895 2700 977 2732 κατὰ
996 2701 1114 2734 πόλεις
1135 2699 1288 2742 (omissis
1307 2698 1384 2731 ὅλαι
1404 2699 1458 2732 καὶ
1476 2699 1568 2743 ἔθνη)
1589 2699 1627 2733 k.

120 2756 150 2775 m
169 2751 264 2796 ἔθνη]
289 2752 346 2795 ἔθη
367 2751 411 2790 Q.
508 2756 524 2771 ¹¹
546 2752 588 2787 ὡς
608 2753 712 2785 ἔοικεν
731 2752 933 2797 ἀνθρώπων]
957 2751 1142 2796 ἀνθρώπων
1162 2752 1206 2786 ὡς
1225 2752 1310 2784 ἔοικε
1330 2751 1365 2785 k.
1457 2757 1475 2775 0
1494 2751 1623 2797 κοινὴν]

119 2804 232 2847 καινὴν
253 2804 290 2838 F.
385 2810 404 2837 P
424 2803 554 2850 τοίνυν]
579 2804 637 2838 οὖν
656 2806 769 2840 A.k.S.
866 2812 884 2839 (Ι
905 2806 1208 2851 πεπολιτευμένον]
1231 2805 1495 2848 πολιτευόμενον
1515 2803 1627 2838 O.t.u.

120 2861 136 2880 Γ
154 2857 207 2890 καὶ
225 2857 255 2890 εἷ
273 2856 335 2902 μὴ]
358 2857 387 2890 εἷ
407 2859 459 2891 καὶ
477 2858 522 2901 μὴ
542 2870 576 2903 p.
608 2858 637 2891 εἷ
655 2858 699 2902 μὴ
720 2859 771 2891 καὶ
791 2858 906 2891 A.k.S.
1001 2862 1013 2877 ⁵
1034 2855 1078 2891 ὧν
1098 2870 1168 2892 om.
1189 2858 1346 2892 A.S.k.S.
1443 2859 1456 2882 t
1475 2856 1526 2890 ἀεὶ
1544 2855 1574 2891 δ’
1593 2857 1630 2890 ἐν

120 2913 217 2957 κοινῷ
237 2910 272 2944 S.
302 2910 502 2956 Legebatur
520 2911 582 2952 ἀεὶ,
602 2911 637 2944 ἐν
656 2913 754 2958 κοινῷ
771 2910 820 2946 δέ.
918 2915 939 2935 U
958 2910 1069 2957 ταῦτ’]
1094 2911 1199 2944 ταύτὰ
1219 2910 1262 2944 Y.
1362 2915 1382 2934 Χ
1401 2911 1479 2944 τότε
1499 2922 1570 2944 om.
1592 2910 1628 2944 k.

119 2967 140 2994 Y
157 2961 190 3007 γ’
210 2962 299 3008 ἐμοὶ]
323 2965 363 3008 γέ
380 2978 436 3006 μοι
457 2964 569 2997 A.k.s.
681 2969 698 2988 Ζ
719 2963 783 3011 τῷ]
811 2964 848 2997 τὸ
868 2963 915 3002 Q.
