1882 3250
683 169 1025 210 PRAEFATIO
1582 186 1605 209 v

97 279 277 326 tionem
312 292 546 328 memorat
576 301 602 328 a
628 282 903 345 vulgaribus
936 281 1286 345 discrepantem
1321 284 1608 346 exemplari-

100 353 200 407 bUS,
244 372 447 416 quorum
496 356 624 420 prior
669 368 739 402 est
786 357 835 402 in
883 357 1189 402 annotatione
1237 357 1294 403 ad
1341 358 1604 405 orationem

97 428 366 476 Midianam
394 449 439 494 p.
461 434 572 493 558,
601 447 672 494 17.
700 432 777 478 ubi
807 450 956 494 quum
984 432 1162 495 duplex
1190 433 1239 478 in
1269 433 1400 479 libris
1434 435 1606 480 nostris

96 505 364 553 inveniatur
402 509 559 565 lectio,
597 510 756 566 altera,
794 526 887 571 qua
925 508 1175 554 Helladius
1219 527 1330 555 usus
1373 518 1444 555 est
1480 510 1606 574 apud

97 582 322 629 Photium
356 584 588 631 Biblioth.
616 603 662 648 p.
689 600 799 648 533,
826 601 919 647 34„
949 587 1012 630 ἐπ’
1042 585 1271 648 ἀστράβης
1303 586 1347 631 δὲ
1378 589 1608 649 ὀχούμενος

96 659 286 721 ἀργυρᾶς
309 667 384 713 τῆς
412 661 462 721 ἐξ
484 662 690 718 Εὐβοίας,
719 663 878 716 altera,
908 679 1052 723 quam
1082 661 1386 707 Herodianus
1418 672 1606 709 secutus

96 745 167 780 est
192 736 241 780 in
266 737 386 782 libro
412 739 508 800 περὶ
537 742 740 800 μονήρους
763 738 914 798 λέξεως
940 756 986 801 p.
1014 756 1082 800 13,
1107 756 1195 793 20„
1221 740 1283 783 ἐπ’
1312 739 1540 802 ἀστράβης
1565 740 1608 785 δὲ

96 814 323 874 ὀχούμενος
348 813 396 874 ἐξ
415 815 668 877 Ἀργούρας
690 822 765 868 τῆς
790 816 998 872 Εὐβοίας,
1019 816 1269 879 Ulpianus,
1292 816 1373 877 qui
1399 817 1605 880 priorem

95 887 144 933 in
176 889 297 934 libro
335 907 418 935 suo
453 890 620 936 habuit
653 890 924 944 lectionem,
960 890 1062 935 haec
1100 891 1360 946 annotavit,
1392 893 1608 954 προσέθη-

93 986 159 1009 κεν
189 974 214 991 “
233 967 544 1028 ἀργυρᾶς”--ἦ
575 966 618 1011 δὲ
651 966 835 1020 δημώδης
867 975 892 992 “
911 965 960 1026 ἐξ
978 966 1259 1028 Ἀργούρας”
1282 968 1384 1029 ἔχει,
1411 967 1499 1013 ἀπὸ
1531 970 1608 1013 τό-

94 1062 177 1085 που
207 1048 282 1094 τῆς
314 1042 518 1099 Εὐβοίας,
546 1041 673 1104 quod
704 1042 753 1087 in
789 1042 1051 1105 exemplari
1086 1059 1169 1087 suo
1203 1042 1319 1105 legit
1352 1043 1608 1090 scholiasta

95 1116 270 1162 codicis
308 1118 544 1173 Bavarici‚
581 1118 662 1179 qui
705 1118 823 1180 παρὰ
867 1117 1100 1180 Μενάνδρῳ
1142 1119 1332 1181 ἀργυρᾶς
1374 1119 1602 1182 scriptum

93 1207 194 1235 esse
237 1192 495 1246 annotavit,
532 1191 855 1238 Menandrum
896 1191 1022 1237 haud
1063 1191 1206 1237 dubie
1243 1192 1406 1238 dicens
1450 1194 1608 1239 rheto-

93 1283 208 1321 rem,
235 1267 370 1328 cnjus
396 1268 749 1314 observationes
775 1267 992 1330 quaedam
1021 1269 1079 1314 ab
1106 1268 1361 1314 scholiasta
1385 1270 1466 1315 illo
1492 1271 1604 1316 alibi

92 1342 168 1400 (ad
206 1361 252 1406 p.
281 1359 391 1405 341.
430 1354 477 1389 ct
509 1359 620 1406 375,
651 1349 745 1406 25.)
783 1353 894 1390 sunt
930 1345 1080 1391 allatae
1120 1353 1167 1391 et
1203 1346 1261 1391 ab
1298 1346 1508 1409 Ulpiano
1547 1347 1606 1392 ad

89 1437 136 1482 p.
166 1434 273 1481 734,
304 1423 378 1467 28.
449 1422 669 1466 Alterum
712 1420 855 1483 idque
897 1420 1125 1466 disertum
1168 1421 1226 1467 de
1270 1422 1465 1484 antiqua
1507 1423 1605 1468 edi-

89 1495 218 1541 tione
248 1497 576 1542 tcstimonium
606 1497 802 1560 Ulpiani
830 1508 900 1542 cst
925 1497 972 1542 in
1000 1498 1307 1543 annotatione
1339 1498 1395 1543 ad
1423 1517 1470 1562 p.
1492 1502 1603 1560 562,

92 1586 133 1634 7.
171 1573 251 1619 ubi
295 1573 351 1619 ad
394 1574 675 1637 scripturam
713 1574 956 1636 vulgatam
997 1574 1113 1635 ἱερὰν
1153 1576 1316 1627 εὀ-Θῆτα
1359 1576 1605 1622 annotavit

89 1650 259 1712 “ἶερα’”
288 1651 420 1704 μόνον
453 1654 475 1703 ἡ
508 1652 671 1713 ἀρχαία
707 1652 809 1713 ἔχει,
841 1649 970 1712 quod
1006 1650 1162 1710 ipsum
1204 1668 1230 1695 a
1264 1651 1419 1713 prima
1457 1669 1601 1697 manu

90 1725 257 1772 habuit
287 1726 438 1772 codex
466 1727 708 1772 Parisinus
735 1727 780 1781 S,
809 1727 854 1772 in
890 1744 985 1788 quo
1018 1736 1254 1772 corrector
1288 1727 1471 1773 literam
1508 1751 1526 1774 v
1558 1739 1605 1774 ct

89 1803 375 1848 vocabulum
424 1805 588 1856 ἐσθῆτα
641 1802 904 1866 adscripsit,
954 1820 1060 1864 quae
1107 1803 1249 1848 lectio
1301 1805 1602 1866 grammatici

89 1878 356 1942 cujuspiam
388 1880 582 1943 ingenio
608 1879 821 1933 debetur,
847 1879 920 1925 cui
948 1896 1054 1940 quae
1085 1878 1404 1942 interpolandi
1436 1897 1601 1926 caussa

86 1953 228 2000 fuerit
254 1955 302 2000 in
329 1956 636 2001 annotatione
663 1955 778 2000 dixi.

151 2030 339 2076 Tertius
378 2031 585 2092 denique
626 2030 917 2076 diversarum-1
969 2032 1301 2077 recensionum
1351 2034 1483 2080 testis
1529 2046 1598 2081 est

87 2106 436 2169 Hermogenes,
462 2107 544 2169 qui
582 2107 630 2151 in
663 2107 783 2152 libro
808 2108 904 2170 περὶ
942 2107 1056 2152 ἰδεῶν
1090 2108 1202 2168 (vol.
1229 2125 1273 2169 3.
1310 2126 1357 2171 p.
1386 2112 1497 2171 308.
1525 2111 1598 2156 cd.

86 2183 262 2241 XValz.)
290 2183 546 2245 propositis
582 2184 788 2245 ἀφελείας
813 2184 1047 2246 exemplis
1081 2184 1367 2246 quibusdam
1406 2185 1470 2230 ita
1494 2204 1599 2249 per-

85 2260 166 2321 git,
201 2259 267 2305 καὶ
302 2262 382 2313 μὴν
417 2258 470 2306 τὸ
507 2259 784 2320 <Demosth.
822 2259 871 2304 in
910 2268 1024 2305 orat.
1063 2278 1149 2323 pro
1183 2277 1358 2306 corona
1394 2279 1438 2324 p.
1465 2268 1595 2325 313.)

83 2343 111 2362 ‘⁶
134 2337 232 2386 τοὺς·
270 2338 392 2400 ὄφεις
432 2338 531 2386 τοὺς
569 2338 745 2400 παρείας
787 2338 975 2391 Θλι’βων”
1012 2338 1078 2381 καὶ
1120 2336 1176 2382 τὰ
1216 2337 1309 2398 ἑξῆς·
1348 2340 1477 2402 μέχρι
1519 2346 1599 2386 τοῦ

84 2422 108 2439 “
132 2414 214 2459 ὑπὸ
252 2419 335 2460 τῶν
374 2414 561 2477 γρᾳδίων
600 2413 710 2459 οὕτω
751 2414 1207 2475 προσαγορευόμενος”
1242 2417 1444 2461 τοιοῦτόν
1485 2418 1595 2463 ἐστι.

82 2492 439 2552 παραμεμύθηται
477 2491 519 2536 δὲ
550 2496 611 2549 τῷ
647 2492 713 2535 καὶ
751 2489 879 2536 αὐτὸν
917 2490 1064 2553 ὥσπερ
1095 2494 1478 2551 καταγινώσκοντα
1511 2500 1595 2540 τῶν

81 2566 299 2626 εἰρημένων
335 2567 463 2611 εἰπεῖν
499 2567 566 2611 ὅτι
610 2566 692 2612 ὑπὸ
727 2571 811 2611 τῶν
851 2566 1036 2628 γρᾳδίων
1074 2566 1184 2612 οὕτω
1224 2571 1593 2631 προσηγορεύετο·

80 2643 208 2686 ἐκεῖνα
246 2642 392 2693 μέντοι
436 2642 502 2688 διὰ
548 2642 603 2688 τὸ
644 2642 757 2703 ἄγαν
798 2642 964 2691 εὐτελὲς
1003 2643 1069 2687 καὶ
1110 2642 1332 2698 ω’βὲλισάν
1372 2665 1481 2694 τινες
1525 2647 1592 2691 καὶ

1184 2727 1193 2744 6

80 2717 370 2777 ὑπεξείλοντο,
394 2720 493 2768 ’ἴσως
529 2721 662 2780 ὀρθῶς
693 2723 924 2770 ποιοῦντες,
953 2720 1072 2778 λέγω
1102 2718 1157 2765 τὸ
1199 2718 1401 2773 ίκυάμους
1435 2723 1594 2784 ἑφθοὺς

81 2795 233 2849 βοῶσα
257 2795 366 2840 κατὰ
393 2798 478 2840 πᾶν
501 2795 556 2841 τὸ
582 2797 703 2858 θέρος
738 2797 985 2841 ἐπλανᾶτο”
1011 2797 1078 2841 καὶ
1111 2795 1167 2841 τὰ
1197 2795 1302 2856 ἑξῆς·
1338 2803 1478 2844 ταῦτα
1503 2800 1592 2863 γὰρ

80 2871 147 2914 καὶ
172 2870 230 2915 τὰ
254 2877 435 2916 τοιαῦτα
469 2873 509 2916 ἐν
532 2871 607 2924 μὲν
640 2872 862 2921 ἰδιωτικοῖς
892 2873 1047 2932 λόγοις
1080 2874 1180 2921 ’ἴσως
1203 2872 1254 2917 ἂν
1284 2875 1527 2936 ἁρμόσειεν,
1551 2879 1591 2923 ἐν

798 2967 871 2996 ἎΖ
