1930 3266
93 220 161 263 70,
181 225 232 252 ιο.
581 211 708 248 ΠΕΡΙ
737 210 848 247 ΤΟΎ
877 209 1183 247 ΣΤΕΦΑΝΟΤ.
1553 207 1637 246 283

130 322 328 371 trocafir'
366 324 506 371 εἰπεῖν
543 321 636 370 οὐδ’
677 319 734 370 ἂν
777 321 922 372 οὕτως
966 321 1179 386 ἐπαχθεῖς
1220 318 1391 383 λόγους
1427 319 1631 382 πορίσα-

129 410 257 466 σθαι,
304 403 467 470 ὥσπερ
510 406 558 454 ἐν
600 404 836 472 τραγῳδία
880 408 1067 463 βοῶντα
1111 400 1148 452 οἶ
1192 405 1253 466 γῆ
1297 405 1372 451 καὶ
1417 402 1518 465 ἥλιε
1562 403 1637 450 καὶ

127 487 266 555 ἀρετὴ
305 490 379 538 καὶ
418 487 476 537 τὰ
514 493 717 548 τοιαῦτα,
761 490 834 537 καὶ
877 486 1025 537 πάλιν
1067 485 1263 536 σύνεσιν
1309 487 1384 534 καὶ
1425 485 1637 534 παιδείαν

127 571 504 634 ἐπικαλούμενον,
555 569 584 637 ᾗ
635 571 694 621 τὰ
744 570 869 621 καλὰ
919 572 994 620 καὶ
1046 569 1105 620 τὰ
1156 568 1333 635 αἰσχρὰ
1384 567 1632 633 διαγιγνώ-

127 674 307 705 σκεται·
361 660 509 704 ταῦτα
552 653 646 718 γὰρ
690 654 920 717 δήπουθεν
957 653 1167 716 Πήκούετ’
1209 653 1348 701 αὐτοῦ
1394 650 1632 715 λέγοντος.
1652 670 1689 701 ²5

37 747 111 801 163
127 741 206 789 σοὶ
241 738 288 788 δὲ
323 740 499 803 ἀρετῆς,
531 735 567 787 ὦ
602 737 831 803 κάθαρμα,
862 735 890 800 ὴ
925 741 1020 789 τοῖς
1059 740 1162 788 σοῖς
1200 737 1267 788 τίς
1304 735 1562 797 μετουσία;
1608 733 1637 798 ἢ

126 827 286 873 καλῶν
312 821 340 887 ἢ
366 821 430 886 μὴ
456 823 677 872 τοιούτων
702 823 770 876 τίς
797 822 1077 886 διάγνωσις;
1118 827 1137 846 x
1148 819 1291 870 πόθεν
1318 818 1346 882 ἢ
1373 824 1473 872 πῶς
1498 820 1638 887 ἀξιω-

126 907 279 966 θέντις
319 911 410 956 ποῦ
437 904 486 955 δὲ
511 907 719 959 παιδείας
745 929 824 956 σοι
858 905 984 966 θέμις
1018 907 1300 968 μνησθῆναι,
1327 904 1381 967 ἧς
1407 908 1500 953 τῶν
1525 902 1638 965 Ῡμέν

126 993 188 1044 ὡς
213 992 401 1054 ἀληθῶς
427 990 746 1057 τετυχηκότων
773 991 864 1040 οὐδ’
893 989 950 1039 ἂν
976 989 1037 1042 εἷς
1067 989 1185 1040 ε’ίποι
1219 989 1324 1052 περὶ
1359 988 1500 1038 αὑτοῦ
1536 1009 1632 1038 τοι·
1653 996 1735 1040 270

125 1080 261 1125 οῦτον
295 1073 439 1134 οὐδὲν,
472 1073 603 1123 ἀλλὰ
636 1073 721 1124 κᾶν
760 1073 915 1138 ἑτέρου
954 1072 1174 1137 λέγοντος
1212 1071 1512 1137 ἐρυθριάσειε,
1544 1076 1639 1124 τοῖς

126 1159 162 1208 δ’
190 1159 521 1225 ἀπολειφθεῖσι
559 1157 644 1220 μὲν
682 1155 844 1222 ὥσπερ
881 1155 991 1218 Ζσὺ,
1029 1155 1450 1220 προσποιουμένοις
1489 1157 1525 1204 δ’
1561 1156 1636 1205 ὑπ’

125 1240 437 1303 ἀναισθησίας
463 1239 516 1290 τὸ
542 1238 649 1292 τοὺς
675 1239 927 1291 ἀκούοντας
960 1241 1122 1302 ἀλγεῖν
1157 1242 1316 1299 ποιεῖν,
1345 1237 1457 1287 ὅταν
1489 1236 1639 1302 λε’γω-

126 1346 220 1385 σιν,
246 1325 299 1373 οὐ
324 1322 378 1373 τὸ
406 1326 554 1373 δοκεῖν
581 1322 831 1375 ἢτοιούτοις
857 1321 970 1372 εἶναι
993 1323 1243 1386 περίεστιν.
1651 1334 1669 1368 5

33 1410 114 1459 164
200 1407 305 1457 Οὐκ
330 1409 520 1472 ἀπορῶν
546 1407 585 1456 δ’
614 1406 639 1456 ὅ
670 1429 714 1456 τι
746 1406 836 1473 χρὴ
862 1408 965 1470 περὶ
999 1411 1090 1455 σοῦ
1126 1407 1200 1455 καὶ
1234 1409 1328 1454 τῶν
1354 1409 1455 1454 σῶν
1483 1408 1636 1465 εἰπεῖν,

126 1493 286 1557 ἀπορῶ
307 1496 390 1542 τοῦ
415 1491 605 1556 πρώτου
630 1494 843 1554 μνησθῶ,
862 1489 1014 1555 πότερ’
1033 1492 1093 1542 ὡς
1115 1490 1139 1539 ὁ
1160 1487 1316 1554 πατήρ
1335 1511 1425 1538 σου
1446 1486 1638 1553 Τρόμης

126 1575 335 1626 ἐδούλευε
372 1576 480 1640 παρ’
511 1574 722 1643 ἱ)Ἑλπι’9ι
746 1578 835 1642 οτῷ
868 1572 986 1640 πρὸς
1021 1577 1087 1641 τῷ
1119 1570 1137 1597 ‘¹
1149 1573 1342 1641 Θησείῳ
1369 1571 1640 1622 διδάσκοντι

126 1658 396 1726 γράμματα,
434 1661 638 1726 χοίνικας
676 1659 904 1725 Επαχειάς
943 1658 1063 1724 ἔχων
1101 1655 1202 1706 ίκαὶ
1242 1655 1402 1724 ξύλον,
1442 1654 1470 1716 ἢ
1511 1658 1573 1708 ὡς
1612 1656 1639 1719 ἡ

124 1744 278 1810 μήτηρ
311 1751 332 1778 g
341 1766 432 1793 σου
471 1747 566 1795 τοῖς
603 1746 924 1808 μεθημερινοῖς
956 1741 1123 1806 γάμοις
1156 1742 1204 1790 ἐν
1231 1745 1296 1809 τῷ
1323 1739 1546 1808 ὶῙκλεισίῳ
1573 1744 1638 1809 τῷ
1655 1757 1692 1778 10

124 1827 242 1894 πρὸς
276 1832 342 1897 τῷ
381 1827 616 1894 καλαμίτῃ
651 1825 796 1891 ἰἥρωϊ
830 1825 1044 1892 χρωμένη
1084 1824 1165 1874 τὸν
1205 1823 1353 1874 καλὸν
1388 1823 1640 1890 ἀνδριάντα

128 1915 202 1962 καὶ
239 1909 614 1976 τριταγωνιστὴν
652 1910 794 1976 ἄκρον
833 1910 1065 1978 ἐξέθρεψέ
1096 1906 1116 1934 ¹³
1135 1930 1226 1969 σε,
1276 1907 1433 1958 Ῑάλλά
1469 1907 1642 1961 πάντες

37 2002 111 2052 165
128 1996 265 2046 ἴσασι
301 2001 461 2056 ταῦτα,
498 1993 585 2044 κᾶν
624 1993 715 2059 ἐγὼ
753 1993 817 2057 μὴ
856 1993 997 2058 λέγω.
1059 1995 1165 2042 ἀλλ’
1197 1994 1258 2044 ὡς
1295 1993 1320 2041 ὁ
1358 1990 1640 2057 τριηραύλης

127 2079 361 2143 Φορμίων,
384 2078 408 2126 ὁ
429 2079 610 2130 Δίωνος
630 2082 712 2127 τοῦ
733 2077 992 2143 Φρεαρρίου
1013 2079 1194 2136 δοῦλος,
1214 2075 1475 2138 ἀνέστησεν
1495 2072 1641 2138 αὐτὴν

124 2161 217 2212 ἀπὸ
249 2160 421 2224 ταύτης
457 2163 539 2224 τῆς
578 2164 724 2224 καλῆς
759 2160 1018 2225 ἐργασίας;
1069 2158 1199 2208 ἀλλὰ
1233 2157 1286 2220 νὴ
1317 2157 1399 2208 τὸν
1432 2158 1527 2208 Δία
1563 2159 1690 2208 καὶῐ5

126 2244 271 2298 ιι1τοὺς
297 2244 429 2298 θεοὺς
455 2245 575 2294 ὀκνῶ
607 2243 671 2308 μὴ
698 2247 805 2309 περὶ
830 2249 921 2294 σοῦ
954 2243 1013 2293 τὰ
1038 2241 1344 2308 προσήκοντα
1370 2242 1524 2306 λέγων
1550 2243 1636 2292 αὐ-

126 2327 204 2381 τὸς
242 2329 296 2378 οὐ
333 2327 662 2394 προσήκοντας
706 2329 889 2396 ἐμαυτῷ
934 2326 1058 2394 δόξω
1100 2329 1402 2394 προῃρῆσθαι
1445 2324 1635 2391 λόγους.

123 2417 271 2463 ταῦτα
309 2411 393 2475 μὲν
422 2412 533 2462 11οὖν
558 2410 724 2472 Οέάσω,
750 2414 852 2462 Ράπ’
883 2412 1036 2461 αὐτῶν
1071 2409 1119 2461 δὲ
1158 2408 1222 2460 ὧν
1255 2408 1422 2463 (Ιαὺτὸς
1458 2410 1633 2471 βεβίω-

176 2548 191 2574 t
211 2548 355 2595 τοιαῦτ’]
379 2547 470 2583 ταῦτ’
488 2549 617 2588 F.S.Q.
688 2555 710 2574 ¹1
730 2548 877 2594 ἠκούετ’]
902 2547 1063 2592 ἠκούσατ’
1079 2550 1120 2582 A.
1150 2546 1317 2592 ἠκούσατε
1336 2548 1402 2581 ks.
1474 2552 1493 2571 Χ
1513 2545 1634 2591 πόθεν]

1315 2610 1331 2626 U

124 2636 227 2670 πόθεν
245 2637 388 2677 λαβόντι
406 2642 432 2670 t.
454 2647 521 2669 ree.
546 2636 580 2669 S.
601 2649 654 2681 γρ.
677 2635 722 2674 Q.
816 2641 836 2668 Y
854 2635 915 2677 μὲν
934 2647 1002 2668 om.
1024 2647 1059 2668 u.
1155 2640 1171 2658 Ζ
1193 2633 1254 2678 σὺ]
1281 2610 1337 2666 goi
1356 2634 1393 2667 k.
1488 2638 1507 2657 a
1525 2630 1636 2665 τοιού-

125 2688 212 2734 τοις]
235 2688 410 2724 τοιούτους
427 2689 617 2722 A.Y.k.r.s.
733 2685 752 2713 b
772 2687 912 2734 Ἐλπίᾳ]
938 2688 1073 2721 ἐλπιδαι
1095 2688 1131 2721 S.
1153 2687 1254 2721 litera
1273 2688 1291 2721 δ
1310 2691 1443 2731 puncto
1463 2690 1585 2719 notata
1603 2689 1640 2719 et

124 2742 360 2788 superscripto
379 2754 398 2776 a
418 2754 465 2776 m.
488 2754 555 2776 sec.
577 2743 609 2776 θ.
691 2747 708 2766 e
725 2744 772 2788 τῷ
792 2753 861 2775 om.
882 2742 918 2774 k.
997 2737 1015 2764 d
1037 2740 1189 2787 Θησείῳ]
1215 2740 1322 2785 θησίῳ
1341 2740 1382 2773 Α.
1462 2744 1477 2763 e
1498 2737 1640 2782 παχείας

123 2794 227 2841 ἔχων]
251 2797 338 2840 ἔχων
357 2795 498 2840 παχείας
516 2807 584 2840 p.1·.
669 2792 684 2819 s
701 2795 754 2828 καὶ
773 2807 842 2828 om.
863 2807 898 2828 n.
982 2800 1002 2827 g
1022 2808 1087 2827 σου
1108 2806 1176 2827 om.
1195 2793 1326 2831 F.S.Q.
1409 2789 1427 2816 h
1448 2792 1588 2836 κλεισίῳ
1606 2803 1635 2825 r.

124 2849 292 2882 κλεισειωι
314 2849 348 2882 S.
381 2847 519 2882 κλισείω
541 2848 586 2886 Q.
617 2848 748 2891 κλησίω
768 2848 929 2882 A.O.k.s.
972 2847 1194 2880 Scribebatur
1213 2846 1349 2892 κλισίῳ.
1434 2841 1444 2869 i
1464 2845 1548 2890 ἥρωϊ
1567 2857 1636 2879 om.

124 2901 204 2935 A.k.
225 2907 261 2935 et
278 2914 331 2946 pr.
353 2914 379 2935 s.
409 2901 504 2946 ἡρὼω
526 2913 698 2947 superscr.
720 2901 756 2934 in
779 2902 812 2934 S.
936 2897 956 2924 k
978 2914 1019 2933 σε
1039 2912 1108 2933 0111.
1125 2900 1170 2935 Y.
1282 2897 1293 2923 l
1311 2898 1546 2943 ἀλλὰ-λέγω
1566 2910 1636 2932 om.

126 2954 367 2993 F.S.Q.Y.t.v.
517 2960 547 2979 m
567 2955 646 2989 τοὺς
666 2966 733 2988 om.
759 2954 795 2989 S.
948 2959 968 2978 Π
989 2952 1046 2986 οὖν
1066 2953 1101 2986 in
1122 2965 1232 2998 marg.
1255 2953 1297 2986 ab
1317 2953 1384 2985 alia
1402 2964 1450 2986 m.
1472 2952 1578 2986 habet
1600 2951 1636 2986 S.

126 3012 145 3031 ⁰
165 3007 272 3053 ἐάσω]
295 3009 501 3053 παραλειψω
519 3022 575 3053 γρ.
597 3008 632 3042 S.
747 3013 766 3041 P
786 3006 842 3041 ἀπ’
863 3007 973 3040 αὐτῶν
993 3006 1046 3052 δέ]
1070 3005 1148 3040 ἀλλ’
1168 3005 1224 3039 ἀπ’
1241 3006 1350 3039 αὐτῶν
1370 3006 1455 3041 A.k.
1483 3003 1562 3039 ἀλλ’
1582 3003 1638 3039 ἀπ’

125 3059 234 3094 αὐτῶν
251 3063 319 3095 τῶν
337 3073 402 3106 p.1·.
432 3060 498 3096 ἀπὸ
518 3060 546 3095 δ’
564 3061 675 3096 αὐτῶν
693 3075 748 3107 γρ.
773 3061 809 3094 S.
921 3067 939 3096 ‘1
959 3060 1061 3095 αὐτὸς
1080 3071 1149 3094 om.
1165 3059 1210 3095 Y.
1232 3064 1268 3094 et
1286 3073 1343 3105 γρ.
1366 3058 1402 3094 S.

825 3134 942 3163 002
