1930 3266
280 205 367 249 290
824 208 1251 247 ΔΗΜΟΣΘΕΝΟΎΣ
1364 206 1446 246 On.
1464 204 1648 245 XVIII.
1671 219 1711 259 p.
1731 205 1829 257 276,
1847 222 1888 246 ε·

282 315 416 369 1’τότε
444 320 664 385 κρείττων
689 321 855 383 οὑμῶν,
883 320 977 370 οὔτ’
1006 323 1066 372 εἰς
1095 318 1181 383 τὴν
1205 316 1428 381 Ἀττικὴν
1447 315 1628 368 ᾱέλθεΐν
1653 319 1792 368 δυνα-

283 399 362 455 τὸς
395 401 512 466 μήτε
544 407 802 454 Θετταλῶν
833 403 1216 453 ἀκολουθούντων
1249 401 1363 466 μήτε
1395 402 1625 465 Θηβαίων
1656 402 1792 451 διιέν-

282 503 392 535 των·
429 485 697 547 Εσυνέβαινε
724 485 772 535 δὲ
798 486 922 554 αὐτῷ
946 489 1012 554 τῷ
1036 485 1231 554 πολέμῳ
1258 491 1503 551 κρατοῦντι
1527 483 1634 539 τοὺς
1661 485 1791 536 ὁποι·
1812 506 1851 528 10

283 568 539 633 ουσδήποθ’
582 571 704 633 ὑμεῖς
744 568 1021 637 ἐξεπέμπετε
1065 570 1362 635 στρατηγούς
1405 571 1483 632 (ἐῶ
1524 567 1617 635 γὰρ
1658 568 1797 619 τοῦτό

282 659 357 722 γε)
389 655 505 721 αὐτῇ
530 657 588 720 τῇ
615 653 757 721 φύσει
790 658 872 703 τοῦ
904 652 1051 703 τόπου
1079 655 1153 703 καὶ
1184 657 1277 703 τῶν
1304 651 1611 719 ὑπαρχόντων
1638 652 1794 702 ἑκατέ-

963 735 1072 787 ίοὖν
1109 739 1191 800 τῆς
1230 736 1343 789 ἰδίας
1381 736 1529 786 ἕὲνεκ’
1563 735 1733 802 ε”χθρας
1771 735 1800 800 ἢ

188 747 265 799 187
280 760 378 803 ροις
414 742 709 789 κακοπαθεῖν.
766 741 801 787 εἰ
841 735 925 800 μὲν

280 819 387 874 τοὺς
419 819 691 874 Θετταλοὺς
721 819 749 885 ὴ
782 820 889 874 τοὺς
923 821 1164 884 Θηβαίους
1199 821 1451 883 συμπείθοι
1485 821 1688 886 βαδίζειν
1723 823 1798 888 ἐφ’

281 907 410 968 ὑμᾶς,
445 905 634 956 Ιὀὐδένα
669 904 844 971 ἰἡγεῖτο
875 903 1148 973 ἅπροσέξειν
1174 906 1299 973 αὐτῷ
1334 902 1416 954 τὸν
1443 910 1564 955 νοῦν·
1604 902 1716 954 Κέὰν
1747 903 1848 955 δὲῐ5

279 988 362 1044 τὰς
407 991 589 1040 ἐκείνων
634 989 789 1043 κοινὰς
841 990 1108 1058 προφάσεις
1154 988 1320 1048 λαβὼν
1367 987 1553 1054 ἡγεμών
1596 986 1796 1056 Ῑαὶρεθῇ,

277 1075 392 1142 ῥᾷον
423 1073 589 1139 ἤλπιζε
622 1073 682 1124 τὰ
715 1074 799 1137 μὲν
826 1073 1307 1140 ωπαρακρούσεσθαι,
1333 1072 1392 1123 τὰ
1422 1072 1470 1123 δὲ
1503 1073 1700 1123 πείσειν.
1755 1073 1804 1123 τί

277 1158 391 1219 οὖν;
453 1160 682 1226 ἐπιχειρεῖ,
725 1158 956 1210 θεάσασθ’
1001 1161 1062 1212 ὡς
1107 1158 1168 1219 εὖ,
1207 1155 1418 1220 πόλεμον
1459 1159 1657 1220 ποιῆσαι
1701 1161 1798 1210 τοῖς

275 1242 634 1310 ΠἈμφικτύοσι
675 1247 750 1293 καὶ
790 1245 895 1310 περὶ
936 1242 1022 1307 τὴν
1064 1243 1285 1293 Πυλαίαν
1325 1241 1552 1308 ταραχήν·
1601 1245 1662 1294 εἷς
1701 1240 1795 1307 γὰρ
1810 1264 1850 1286 20

182 1334 260 1374 188
275 1327 402 1376 ταῦτ’
443 1325 573 1379 εὐθὺς
619 1323 820 1379 οαύτοὺς
865 1326 1197 1390 ὑπελάμβανεν
1239 1327 1380 1376 αὑτοῦ
1425 1324 1694 1389 δεήσεσθαι.
1759 1329 1797 1376 εἰ

273 1409 358 1473 μὲν
382 1410 536 1460 τοίνυν
557 1416 723 1460 Ρτοῦτο
750 1409 778 1474 ὴ
806 1415 900 1461 τῶν
925 1411 1035 1476 παρ’
1057 1411 1222 1460 ἑαυτοῦ
1247 1409 1558 1472 πεμπομένων
1585 1412 1798 1475 ἱερομνη-

273 1492 430 1556 μόνων
465 1492 493 1558 ἢ
529 1498 623 1544 τῶν
659 1495 830 1545 ἐκείνου
870 1493 1139 1561 συμμάχων
1173 1492 1446 1558 Ἷεῖσηγοῖτό
1488 1516 1570 1555 τις,
1605 1494 1791 1561 ὑπόψε-

273 1582 389 1629 σθαι
435 1577 488 1629 rb
533 1583 732 1644 πρᾶγμα
777 1576 952 1644 ἐνόμιζε
1003 1580 1077 1628 καὶ
1128 1577 1236 1632 τοῦς
1282 1578 1523 1642 Θηβαίους
1569 1579 1645 1628 καὶ
1689 1576 1797 1632 τοὺς
1889 1641 1899 1652 ἡ

275 1660 547 1716 Θετταλοὺς
592 1665 668 1713 καὶ
712 1661 922 1715 Γπάντας
967 1662 1316 1730 Ξφυλάξεσθαι,
1359 1661 1415 1711 ἂν
1461 1662 1498 1712 δ’
1544 1663 1846 1726 Ἀθηναῖοςε5

272 1744 302 1814 ᾖ
335 1751 409 1797 καὶ
442 1754 552 1812 παρ’
580 1748 708 1810 ὑμῶν
739 1750 834 1796 τῶν
869 1746 1154 1796 ὑπεναντίων
1186 1747 1210 1796 ὁ
1237 1751 1374 1796 τοῦτο
1401 1750 1561 1808 ποιῶν,
1589 1744 1796 1812 εὐπόρως
1911 1767 1915 1814 J

179 1841 258 1894 189
274 1830 453 1895 λήσειν·
488 1830 602 1896 ὅπερ
629 1830 824 1894 συνέβη.
871 1834 972 1883 πῶς
998 1830 1080 1880 οὖν
1105 1835 1235 1880 ταῦτ’
1256 1831 1503 1894 ε’ποίησεν;
1542 1835 1798 1894 μισθοῦται
1888 1845 1913 1902 ‘f

271 1915 469 1966 τουτονί.
526 1913 742 1967 ἶοὐδενὸς
779 1914 826 1964 δὲ
864 1913 1146 1980 προειδότος,
1185 1912 1324 1978 οἶμαι,
1364 1912 1417 1964 τὸ
1455 1919 1654 1980 πρᾶγμα
1693 1914 1797 1966 οὐδὲ
1888 1902 1911 1995 J}

272 1998 611 2068 φυλάττοντος,
648 1997 811 2064 ὥσπερ
849 1998 979 2049 ε’ίωθε
1018 1997 1078 2048 τὰ
1116 2003 1306 2048 τοιαῦτα
1349 2002 1461 2064 παρ’
1497 2000 1643 2062 “ὑμῖν
1681 2000 1790 2065 γίγ-
1808 1994 1912 2078 αῃῇ

273 2088 450 2146 νεοθαι,
478 2085 769 2150 προβληθεὶς
802 2081 1112 2148 Χπυλάγορος
1150 2082 1284 2136 οὗτος
1319 2085 1393 2133 καὶ
1429 2087 1571 2149 τριῶν
1595 2082 1659 2148 Ῡῆ
1685 2107 1788 2135 τετ-
1906 2104 1909 2110 “

179 2189 258 2231 190
271 2168 426 2236 τάρων
464 2167 899 2236 χειροτονησάντων
940 2166 1081 2217 αὐτὸν
1120 2165 1368 2233 ἀνερρήθη.
1430 2169 1492 2220 ὡς
1531 2166 1579 2218 δὲ
1617 2167 1672 2218 τὸ
1710 2171 1794 2233 τῆς

325 2363 344 2391 b
364 2366 442 2401 τότε
461 2367 635 2413 κρείττων]
660 2367 819 2412 κρείττων
838 2368 915 2400 τότε
936 2366 1088 2413 Q.O.p.s
1104 2379 1176 2402 ux.
1252 2371 1268 2392 c
1289 2365 1397 2412 ὑμῶν]
1423 2365 1515 2409 ἡμῶν
1533 2366 1568 2399 k.
1640 2362 1658 2390 d
1679 2366 1792 2401 ε’λθεῖι·

271 2433 340 2456 om.
359 2421 402 2455 Y.
479 2426 494 2445 e
515 2422 693 2461 συνέβαινε
713 2420 766 2466 δὲ]
789 2421 969 2460 συνέβαινέ
987 2435 1024 2454 τε
1044 2421 1155 2454 A.k.s.
1229 2417 1245 2444 f
1262 2418 1320 2454 οὖν
1341 2432 1446 2466 supra
1463 2431 1603 2453 versum
1621 2419 1728 2454 habet
1747 2420 1789 2454 Α.

271 2480 291 2508 g
311 2473 410 2520 ἕνεκ’]
434 2474 542 2508 ἕνεκεν
560 2474 909 2520 A.Y.O.p.r.s.t.u.V.
1027 2471 1047 2498 h
1067 2475 1186 2508 οὐδένα
1204 2474 1317 2509 A.k.s.
1340 2486 1419 2507 cum
1439 2473 1591 2507 Aristide
1610 2472 1647 2506 in
1667 2473 1792 2508 Walzii

271 2529 375 2563 Rhet.
395 2529 463 2562 vol.
480 2539 517 2576 9.
538 2541 574 2574 p.
591 2539 680 2576 349,
701 2538 757 2563 12.
797 2528 997 2573 Legebatur
1017 2527 1124 2562 οὐδέν’
1144 2527 1195 2561 ἅν.
1227 2528 1324 2561 οὐδὲν
1345 2525 1385 2560 ἂν
1407 2527 1532 2561 S.O.u.
1645 2523 1656 2552 ἱ
1676 2526 1790 2573 ἡγεῖτο

270 2594 339 2616 om.
360 2583 472 2617 A.k.s.
542 2579 555 2615 j
576 2580 776 2627 προσέξειν]
801 2582 986 2627 προσέχειν
1005 2582 1114 2616 A.k.s.
1187 2577 1207 2605 k
1228 2581 1285 2614 ἐὰν
1307 2581 1341 2615 S.
1372 2579 1411 2615 ἂν
1430 2581 1547 2626 vulgo.
1623 2576 1633 2605 Ῑ
1652 2579 1786 2626 αἱρεθῇ]

269 2669 384 2716 ηρεθηι
407 2669 493 2708 S.Q.
521 2645 627 2714 ῗὶρέθῗγ
648 2669 692 2704 Β.
714 2682 747 2702 αι
766 2668 872 2702 etiam
892 2668 928 2702 in
950 2669 985 2703 S.
1008 2680 1180 2714 superscr.
1201 2679 1222 2701 a
1242 2679 1288 2702 m.
1312 2679 1381 2701 see.
1547 2672 1576 2692 m
1597 2664 1788 2712 παρακρού-

269 2722 411 2768 σεσθαι]
433 2720 739 2769 παρακρούσασθαι
759 2734 823 2756 S.v.
937 2727 957 2746 ὓ
975 2719 1225 2768 Ἀμφικτύοσι]
1249 2720 1482 2766 ἀμφικτυόσιν
1500 2731 1528 2754 r.
1631 2725 1650 2745 ⁰
1668 2720 1792 2756 αὐτοὺς

269 2789 338 2811 om.
360 2777 440 2811 A.k.
570 2782 590 2809 P
610 2776 730 2822 τοῦτο]
754 2778 876 2809 τοῦτον
895 2787 1003 2822 p.u.v.
1025 2781 1060 2810 et
1079 2787 1131 2821 pr.
1147 2775 1227 2809 Y.u.
1365 2780 1384 2807 q
1404 2774 1580 2820 εἰσηγοῖτό
1597 2773 1788 2820 A.Y.p.r.s.

268 2840 440 2911 εἷσηγὲἷιτό
461 2864 500 2899 F.
531 2865 700 2909 εἷσηγεῖτό
720 2864 837 2910 vulgO.
949 2869 964 2888 Γ
983 2863 1127 2909 πάντας]
1153 2862 1301 2898 ἅπαντας
1319 2861 1524 2907 A.Y.k.p.r.
1637 2866 1652 2886 ⁵
1673 2861 1786 2906 φυλά-

268 2918 405 2964 ξεσθαι]
430 2919 654 2963 φυλάξασθαι
674 2917 973 2963 A.Y.k.p.1·.s.t.V.
1152 2915 1165 2941 t
1186 2916 1340 2962 οὐδενὸς]
1363 2916 1503 2960 μηδενὸς
1523 2915 1558 2949 k.
1588 2915 1719 2949 omisso
1739 2914 1789 2948 δέ.

267 2978 288 2996 u
310 2971 403 3017 ὑμῖν]
428 2971 520 3016 ὑμῶν
540 2972 700 3007 F.O.u.v.
787 2977 806 2995 ¹
827 2973 1023 3016 πυλαγορος
1042 2982 1095 3016 pr.
1120 2971 1156 3004 S.
1193 2969 1416 3004 Scribebatur
1436 2969 1644 3014 πυλαγόρας.
1729 2973 1749 3001 Y
1768 2966 1788 3011 ἢ

267 3027 436 3070 τεττάρων
455 3037 523 3058 om.
545 3026 579 3059 k.
