1882 3250
0 188 58 223 11,
73 190 127 215 28.
581 169 940 208 ΟΛΎΝΘΙΑΚΟΣ
972 170 1019 206 Α.
1506 165 1561 204 13

57 285 302 353 συμφέροι.
342 287 379 334 εἰ
403 281 488 345 μὲν
506 282 599 347 γὰρ
621 282 701 349 ὑφ’
728 281 896 342 ωὑμῶν
921 278 1188 331 πεισθέντες
1214 278 1454 328 ἀνείλοντο
1479 277 1561 327 τὸν

55 369 280 431 πόλεμον,
327 367 564 433 σφαλεροὶ
608 364 851 429 σύμμαχοι
896 364 972 412 καὶ
1015 361 1151 428 μέχρι
1202 384 1284 412 του
1329 362 1454 411 ταῦτ’
1503 359 1591 413 ἂν5

56 449 305 518 ἐγνωκότες
339 447 466 512 ἦσαν
493 448 622 500 ἴσως·
664 446 818 510 ἐπειδὴ
853 448 891 497 δ’
919 448 969 497 ἐκ
1006 451 1100 496 τῶν
1132 445 1251 510 πρὸς
1284 444 1449 498 αὑτοὺς
1486 447 1562 509 ἐγ-

56 533 309 599 κλημάτων
358 537 572 595 μισοῦσι,
624 531 824 591 βεβαίαν
873 528 991 582 εἰκὸς
1039 527 1126 592 τὴν
1176 528 1349 596 ε”χθραν
1398 526 1563 580 αὐτοὺς

21 617 171 683 8ὑπέρ
215 614 281 666 ὧν
320 619 581 684 φοβοῦνται
624 614 699 663 καὶ
741 610 1037 663 πεπόνθασιν
1080 611 1213 678 ἔχειν.
1274 611 1327 660 οὐ
1371 613 1471 660 “δεῖ
1507 609 1564 673 δὴ

57 706 302 761 οτοιοῦτον,
349 696 384 748 ὦ
425 697 614 762 Ρᾶνδρες
650 697 907 758 Ἀθηναῖοι,
947 694 1355 760 παραπεπτωκότα
1405 692 1566 759 καιρὸν

56 785 253 852 ἀφεῖναι,
294 780 396 831 οὐδὲ
445 783 610 831 παθεῖν
650 776 820 829 (Ιταὺτὸ
866 777 979 843 ὅπερ
1029 778 1117 840 ἤδη
1166 775 1401 829 πολλάκις
1449 775 1564 842 πρό-

55 888 188 932 τερον
224 863 502 915 πεπόνθατε.
547 866 583 912 εἰ
618 861 722 927 γὰρ,
751 860 816 911 ὅθ’
845 861 1015 924 ἥκομεν
1054 861 1290 920 Εὐβοεῦσι
1323 863 1560 923 βεβοηθη-
1581 885 1621 906 10

58 948 185 1001 κότες
235 949 310 998 καὶ
354 949 579 1012 παρῆσαν
620 948 987 1013 Ἀμφιπολιτῶν
1025 944 1184 1011 Ἱέραξ
1224 946 1298 993 καὶ
1351 947 1561 1010 Στρατο-

59 1034 173 1094 κλῆς
215 1032 289 1080 ἐπὶ
333 1030 459 1078 τουτὶ
511 1026 565 1078 τὸ
609 1030 754 1090 βῆμα,
806 1026 1070 1081 κελεύοντες
1121 1028 1261 1090 Γἡμᾶς
1310 1032 1448 1077 πλεῖν
1492 1029 1568 1076 καὶ

57 1111 447 1180 παραλαμβάνειν
484 1109 571 1173 τὴν
607 1109 762 1172 πόλιν,
793 1109 879 1174 τὴν
913 1110 1057 1174 αὐτὴν
1094 1110 1389 1177 παρειχόμεθ’
1416 1111 1569 1173 Ξὴμεῖς

60 1197 172 1263 ὑπὲρ
211 1197 342 1260 ἡμῶν
381 1196 533 1245 αὐτῶν
576 1195 841 1259 προθυμίαν
886 1195 1031 1261 ἥνπερ
1075 1195 1187 1260 ὑπὲρ
1228 1198 1309 1257 τῆς
1349 1195 1621 1254 Εὐβοέωνῐ5

60 1280 309 1345 σωτηρίας,
360 1278 491 1344 εἴχετ’
538 1275 594 1327 ἂν
635 1278 932 1341 Ἀμφίπολιν
976 1276 1080 1327 τότε
1130 1278 1205 1327 καὶ
1245 1276 1437 1327 πάντων
1475 1281 1570 1327 τῶν

25 1362 176 1431 9μετὰ
210 1368 356 1412 ταῦτα
393 1358 475 1410 t0'211
502 1359 581 1424 ἦτε
619 1360 979 1425 ἀπηλλαγμένοι
1016 1360 1323 1425 πραγμάτων.
1369 1362 1443 1410 καὶ
1481 1359 1571 1410 πά-

62 1456 137 1498 λιν
176 1447 310 1510 ἡνίκα
349 1444 526 1506 Πύδνα,
571 1445 815 1502 Ποτίδαια,
861 1443 1080 1507 Μεθώνη,
1132 1445 1403 1507 υΠαγασαὶ,
1447 1443 1570 1493 τᾶλ-

62 1538 139 1593 λα,
177 1530 252 1580 ἵνα
284 1527 348 1592 μὴ
385 1529 483 1578 καθ’
513 1527 691 1577 ἕκαστα
732 1526 885 1591 λέγων
928 1527 1166 1592 διατρίβω,
1200 1525 1574 1591 πολιορκούμενα

62 1612 406 1677 ἀπηγγέλλετο,
444 1614 481 1660 εἰ
519 1609 622 1660 τότε
660 1610 839 1659 τούτων
872 1610 968 1660 νἑνί
1001 1632 1068 1678 τῳ
1108 1610 1281 1678 πρώτῳ
1319 1609 1571 1675 προθύμως
1584 1632 1626 1652 20

64 1698 138 1747 καὶ
172 1698 233 1748 ὡς
270 1697 511 1761 προσῆκεν
542 1692 872 1757 ἐβοηθήσαμεν
898 1694 1041 1754 αὐτοὶ,
1068 1692 1200 1760 ῥᾴονι
1232 1695 1306 1743 καὶ
1331 1692 1456 1743 πολὺ
1490 1715 1572 1742 τα-

63 1778 310 1847 πεινοτέρῳ
352 1783 433 1828 νῦν
484 1775 564 1827 Χᾶν
603 1776 847 1843 ἐχρώμεθα
886 1781 952 1845 τῷ
996 1777 1238 1845 Φιλίππῳ.
1280 1781 1390 1827 Υνῦν
1431 1775 1478 1826 δὲ
1518 1775 1574 1826 τὸ

63 1862 146 1926 μὲν
181 1861 333 1928 παρὸν
370 1863 466 1911 Ζάεὶ
499 1860 773 1926 προϊέμενοι,
800 1860 860 1910 τὰ
887 1860 934 1911 δὲ
959 1861 1200 1924 μέλλοντα
1226 1860 1445 1924 αὐτόματ’
1475 1857 1572 1910 οἶό-

63 1968 189 2009 μενοι
226 1945 428 2011 σχήσειν
467 1948 635 2006 καλῶς,
683 1943 994 2012 ἢηύξήσαμεν,
1037 1943 1074 1994 ὦ
1119 1944 1282 2010 ἄνδρες
1318 1945 1576 2006 Ἀθηναῖοι,

65 2031 305 2081 Φίλιππον
335 2030 475 2092 ἡμεῖς,
503 2030 575 2078 καὶ
604 2027 963 2092 κατεστήσαμεν
991 2034 1266 2091 τηλικοῦτον
1291 2028 1451 2091 ἡλίκος
1489 2027 1569 2076 οὐ·
1587 2046 1626 2078 25

1209 2110 1224 2137 d

7 2114 153 2167 Ιοδείς
197 2112 300 2163 ι)πω
337 2110 567 2173 βασιλεὺς
610 2111 800 2176 Ογέγονε
844 2112 1152 2164 Μακεδονίας.
1238 2112 1335 2161 νυνὶ
1374 2109 1431 2173 δὴ
1477 2132 1576 2160 και-

65 2197 145 2263 ρὸς
171 2196 291 2260 εἥκει
315 2219 385 2249 τις
410 2195 556 2257 οὗτος,
583 2196 608 2244 ὁ
634 2200 728 2245 τῶν
753 2196 1038 2257 Ὀλυνθίων,
1059 2194 1319 2258 αὐτόματος
1345 2197 1402 2261 τῇ
1427 2192 1578 2255 πόλει,

941 2278 954 2305 f
960 2279 1200 2345 προτέρων
1245 2278 1443 2327 ἐκείνων.
1503 2278 1579 2326 καὶ

69 2278 119 2333 ὃς
156 2279 337 2332 οὐδενός
382 2280 513 2329 ἐστιν
556 2277 768 2329 ἐλάττων
808 2283 902 2329 τῶν

121 2404 152 2423 ¹1¹
171 2399 263 2442 ὑμῶν
284 2399 320 2433 S.
352 2399 442 2442 ἡμῶν
461 2399 580 2444 vulgO.
693 2404 712 2422 Π
733 2398 783 2432 δεῖ
802 2397 860 2443 δὴ]
885 2397 924 2441 δὴ
945 2398 996 2431 δεῖ
1013 2397 1056 2430 Y.
1078 2402 1112 2430 et
1131 2408 1199 2430 rec.
1223 2396 1258 2430 S.
1387 2401 1405 2419 0
1424 2396 1581 2428 τοιοῦτον

68 2456 148 2497 post
165 2451 314 2495 ἀθηναῖοι
334 2452 378 2488 Y.
522 2459 542 2488 P
561 2451 680 2497 ἄνδρες
700 2457 902 2485 constanter
921 2451 963 2484 ab
984 2451 1026 2483 Y.
1047 2450 1163 2483 omitti
1183 2448 1362 2482 annotavit
1383 2449 1578 2482 Bekkerus.

71 2553 91 2581 11
109 2547 210 2580 ταυτὸ
231 2547 347 2581 B.S.v.
377 2548 499 2581 ταύτὸν
517 2547 636 2592 vulgo.
706 2552 721 2571 1'
742 2546 826 2590 ἡμᾶς
845 2546 887 2580 Y.
918 2513 1001 2590 ἔμᾶς
1022 2545 1107 2579 ΒἙ.
1139 2545 1223 2588 ὑμᾶς
1242 2545 1360 2589 vulgo.
1431 2550 1444 2568 S
1465 2542 1575 2587 ἡμεῖς]

69 2597 161 2642 ἡμεῖς
181 2601 232 2633 καὶ
251 2600 414 2634 Y.O.u.v.
547 2602 557 2622 t
577 2599 618 2633 ἂν
638 2598 711 2645 ἧτε]
736 2597 777 2632 αὖ
797 2598 853 2642 ἦτε
872 2600 914 2633 Y.
1054 2605 1074 2623 U
1095 2596 1273 2642 Παγασαὶ]
1296 2597 1449 2641 πάγασαι
1468 2608 1519 2640 pr.
1544 2595 1579 2628 S.

70 2656 90 2675 V
109 2651 157 2684 ἑνί
174 2666 221 2699 τῳ
239 2653 379 2699 πρώτῳ]
414 2651 464 2686 ἑνί
489 2667 536 2699 τῳ
565 2656 701 2698 πρῶτον
719 2652 761 2685 Y.
793 2653 840 2685 ἐνὶ
859 2654 906 2698 τῷ
930 2653 1045 2694 τρόπω
1065 2655 1241 2684 correctus
1259 2661 1293 2683 v,
1324 2650 1371 2682 ἑνὶ
1390 2651 1437 2694 τῷ
1457 2649 1580 2694 πρώτῳ

69 2704 185 2749 Vulgo.
333 2711 351 2727 Χ
371 2704 411 2738 ἂν
430 2718 498 2739 om.
521 2705 565 2739 Ο.
719 2710 735 2734 y
756 2707 814 2738 νῦν
833 2705 886 2750 δέ]
911 2705 982 2738 νυνὶ
1002 2705 1036 2738 δέ
1056 2705 1136 2739 Y.u.
1284 2707 1302 2727 ⁷·
1322 2702 1389 2748 ἀεὶ]
1415 2701 1479 2734 αἰεὶ
1498 2701 1580 2735 BE.

72 2760 92 2781 ²²
118 2756 326 2803 ηὐξήσαμεν]
361 2759 413 2791 καὶ
441 2757 634 2802 ηὐξήσαμεν
662 2757 782 2792 O.u.V.
947 2754 966 2781 b
994 2757 1063 2803 πω]
1091 2758 1229 2791 πώποτε
1257 2755 1300 2789 Y.
1321 2761 1356 2789 et
1377 2769 1432 2800 γρ.
1455 2754 1580 2788 B.F.S.

73 2813 89 2834 ⁰
115 2810 233 2854 γέγονε
261 2810 482 2856 Μακεδονίας]
517 2809 713 2854 μακεδονίας
740 2811 860 2855 γέγονε
880 2810 923 2844 Υ.
1067 2807 1087 2834 d
1115 2810 1187 2844 νυνὶ
1205 2808 1244 2851 δὴ
1266 2809 1352 2843 Β.Ρ.
1383 2810 1440 2841 νῦν
1460 2807 1520 2850 ἤδη
1543 2807 1579 2840 S.

74 2861 144 2895 νυνὶ
162 2862 197 2895 δὲ
217 2863 334 2908 vulgo.
461 2869 476 2888 e
498 2863 540 2896 In
562 2864 603 2897 B.
626 2863 829 2897 distinctum
845 2862 926 2906 ἥκει.
946 2860 997 2897 τίς
1016 2862 1124 2898 οὗτος.
1146 2864 1229 2897 ὁ-.
1359 2858 1374 2886 f
1390 2859 1580 2906 προτέρων]

203 2923 237 2942 Ον

74 2956 244 3000 πρότέρων
265 2957 350 2993 B.F.
380 2959 546 3003 πρότερον
568 2958 602 2991 S.
