1903 3271
30 200 186 239 -401‚
206 204 258 230 28.
529 192 654 228 ΠΕΡΙ
684 192 795 228 THE
827 192 1288 229 ΠΑΡΑΠΡΕΣΒΕΙΑΣ.
1582 192 1664 230 423

154 300 471 365 Ῡπαρέβαινον
507 303 582 350 καὶ
617 299 700 353 τὰς
739 300 964 362 σπονδὰς,
1002 301 1240 366 Αἰσχίνης
1285 306 1326 351 οἱ
1367 300 1665 366 προδιδόντες

155 385 230 434 καὶ
255 387 297 433 οὶ
321 384 790 448 παραπρεσβεύοντες
828 385 902 433 καὶ
939 386 981 432 οὶ
1007 386 1371 447 δωροδοκοῦντες
1404 382 1433 446 ἢ
1470 388 1511 434 οἱ
1547 401 1695 434 κατ-5

154 472 465 531 ηγοροῦντες;
510 470 551 515 οἱ
590 468 853 519 ἀδικοῦντες
893 466 1112 528 δηλονότι
1147 465 1263 518 Ζτοὶς
1304 465 1418 528 ὅλης
1459 472 1546 530 3γε
1584 470 1666 528 τῆς

155 550 378 614 πατρίδος
406 548 656 610 ἱ’σπονδόις,
684 548 846 614 ὥσπερ
873 547 950 611 σὺ,
977 550 1030 598 οὐ
1055 548 1199 611 μόνον
1224 548 1307 601 τὰς
1335 550 1464 601 ἰδίας.

62 643 143 672 212
222 629 326 682 Ἵνα
351 633 505 682 τοίνυν
532 634 670 695 εἰδῆθ’
699 631 767 682 ὅτι
807 634 859 681 οὑ
894 639 910 657 ⁰
926 631 1069 694 μόνον
1094 636 1188 681 τῶν
1216 632 1421 699 δημοσίᾳ
1457 630 1666 682 ᾱπώποτ’

156 714 458 779 ἐληλυθότων
493 717 583 767 θὼς
622 716 865 765 Φίλιππον
892 714 1165 780 ἀνθρώπων,
1192 714 1323 764 ἀλλὰ
1349 717 1424 765 καὶ
1455 720 1549 765 τῶν
1575 717 1667 784 ἰδία
1684 737 1722 759 10

156 797 251 849 sxa}
294 798 485 849 πάντων
527 799 652 848 οὗτοι
694 798 984 866 φαυλότατοι
1026 801 1130 849 (ἕκαὶ
1169 797 1478 865 πονηρότατοι
1522 798 1661 864 γεγό-

157 904 280 943 νασι,
331 880 525 947 11μικρὸν
570 882 809 932 ἀκούσατέ
848 905 938 943 μου
979 881 1069 949 ἔξω
1123 883 1193 931 ἰτι
1244 880 1361 944 ιςτῆς
1412 883 1669 947 πρεσβείας

155 963 363 1028 1ταύτης.
403 964 557 1028 ἐπειδὴ
583 964 675 1030 γὰρ
715 964 877 1014 ωεῖλεν
907 964 1157 1015 ”Ολυνθον
1197 966 1449 1027 Φίλιππος,
1475 964 1662 1027 Ὀλύμ-

156 1070 242 1099 πια
280 1049 433 1110 ἐποίει,
461 1052 523 1100 εἰς
560 1047 608 1098 δὲ
647 1047 731 1111 τὴν
759 1049 928 1098 θυσίαν
964 1048 1136 1112 ταύτην
1173 1050 1246 1098 καὶ
1286 1049 1371 1111 τὴν
1407 1048 1670 1114 πανήγυριν

65 1154 143 1196 213
158 1129 336 1184 πάντας
374 1131 481 1184 τοὺς
519 1133 765 1197 11τεχνίτας
792 1130 1075 1196 συνήγαγεν.
1118 1133 1287 1181 ἑστιῶν
1326 1133 1362 1181 δ’
1392 1130 1555 1184 αὐτοὺς
1596 1133 1722 1185 καὶῐὸ

157 1218 410 1281 στεφανῶν
433 1213 539 1267 τοὺς
560 1213 851 1277 νενικηκότας
877 1214 1012 1278 ἤρετο
1037 1215 1248 1280 Σάτυρον
1268 1216 1448 1264 τουτονὶ
1475 1214 1556 1263 τὸν
1582 1236 1672 1263 κω-

158 1295 294 1360 μικὸν
322 1297 586 1362 ὑποκριτὴν,
614 1298 662 1346 τί
695 1295 750 1359 δὴ
785 1295 924 1358 μόνος
964 1297 1095 1347 οὐδὲν
1121 1298 1479 1362 ἐπαγγέλλεται,
1506 1296 1534 1360 ἢ
1569 1298 1672 1347 τίνα

159 1382 208 1430 ἐν
246 1381 423 1448 οὲαυτῷ
460 1381 780 1448 μικροψυχίαν
816 1379 843 1444 ὴ
878 1379 1031 1445 Ρπρὸς
1068 1381 1208 1430 αὐτὸν
1247 1381 1412 1443 ἀηδίαν
1447 1382 1668 1445 (Ιένεορα-

160 1463 285 1524 κώς;
329 1467 471 1514 εἰπεῖν
509 1463 566 1526 δή
603 1467 726 1530 φασι
765 1462 847 1512 τὸν
882 1461 1095 1528 Σάτυρον
1133 1463 1216 1524 ὅτι,
1245 1461 1308 1512 ὧν
1343 1462 1427 1524 μὲν
1462 1467 1503 1512 οὶ
1530 1462 1729 1512 ἅλλοιεο

159 1545 383 1607 Γδέονται,
423 1545 606 1598 οὐδενὸς
647 1545 708 1595 ὧν
754 1547 801 1594 ἐν
841 1545 973 1613 χρείᾳ
1017 1545 1250 1611 τυγχάνει,
1291 1542 1320 1594 ἃ
1359 1548 1398 1594 δ’
1444 1544 1500 1594 ἂν
1537 1543 1674 1596 αὐτὸς

161 1631 493 1695 ἐπαγγείλαιτο
543 1629 699 1693 ἡδέως,
739 1631 896 1696 ῥᾷστα
949 1629 1034 1691 μέν
1084 1631 1185 1678 ἐστι
1239 1628 1466 1696 Φιλίππῳ
1519 1631 1677 1677 δοῦναι

69 1716 239 1775 214καῖ
283 1715 577 1780 χαρίσασθαι
620 1713 824 1774 πάντων,
869 1713 1062 1763 Ξδέδοικε
1106 1711 1154 1761 δὲ
1199 1711 1263 1775 μὴ
1309 1710 1554 1777 διαμάρτῃ.
1595 1733 1670 1760 κε-

162 1797 421 1850 λεύσαντος
462 1798 498 1847 δ’
540 1797 712 1846 ἐκείνου
755 1795 930 1860 ἴλέγειν
966 1796 1045 1845 καί
1084 1818 1127 1844 τι
1172 1797 1247 1844 καὶ
1292 1794 1675 1856 νεανιευσαμένου

162 1885 385 1941 τοιοῦτον,
414 1882 502 1932 Πὼς
540 1878 694 1928 κούδὲν
721 1878 745 1928 ὅ
771 1901 814 1928 τι
847 1880 899 1928 οὐ
925 1877 1127 1941 ποιήσει,
1155 1882 1295 1928 εἰπεῖν
1327 1880 1509 1944 Υφασὶν
1536 1875 1677 1926 αὐτὸν
1689 1900 1728 1931 25

164 1963 234 2013 ὅτι
272 1962 329 2026 ἧν
356 1963 481 2029 αὐτῷ
509 1961 883 2028 Ἀπολλοφάνης
917 1962 942 2010 ὁ
970 1963 1202 2013 Πυδναῖος
1242 1960 1374 2028 ξένος
1413 1962 1487 2010 καὶ
1522 1962 1677 2027 φίλος,

165 2045 320 2109 ἐπειδὴ
347 2045 395 2096 δὲ
422 2047 757 2113 δολοφονηθεὶς
781 2044 1083 2107 ἐτελεύτησεν
1108 2046 1289 2104 ἐκεῖνος,
1317 2044 1604 2109 φοβηθέντες
1638 2047 1680 2093 οἱ

166 2136 410 2196 συγγενεῖς
437 2132 577 2180 αὐτοῦ
612 2129 887 2197 ὑπεξέθεντο
919 2129 1001 2181 τὰς
1037 2129 1295 2194 θυγατέρας
1335 2130 1497 2178 παιδία
1535 2128 1682 2178 Ζὄντα

222 2308 239 2332 >”
259 2301 464 2347 παρέβαινον
483 2309 562 2348 post
583 2303 734 2337 σπονδὰς
754 2302 1025 2340 F.Q.O.s.t.u.v.
1121 2307 1138 2325 Ζ
1158 2300 1234 2346 τὰς]
1258 2303 1315 2343 τῆς
1336 2313 1362 2334 r.
1447 2306 1466 2325 a
1484 2316 1522 2346 γε
1543 2313 1612 2334 om.
1635 2300 1681 2339 Q.

168 2353 189 2381 b
210 2356 360 2390 σπονδὰς
382 2367 451 2389 om.
475 2355 509 2388 S.
608 2361 623 2380 0
642 2355 762 2400 μόνον]
785 2357 888 2398 μόνον
907 2370 947 2400 γε
968 2367 993 2388 s.
1090 2352 1107 2379 *l
1129 2356 1267 2387 πώποτε
1287 2355 1433 2388 A.k.r.s.
1463 2355 1545 2387 ποτὲ
1565 2354 1683 2399 vulgo.

320 2407 359 2436 ὡς

169 2457 187 2477 θ
207 2450 267 2496 ὡς]
291 2452 377 2495 πρὸς
398 2451 435 2483 F.
466 2451 552 2496 πρὸς
571 2451 616 2489 Q.
648 2450 690 2485 ὡς
710 2452 796 2495 πρὸς
817 2450 929 2483 O.t.u.
1058 2447 1072 2473 f
1091 2451 1143 2483 καὶ
1162 2462 1230 2482 om.
1253 2449 1297 2482 Ο.
1428 2454 1446 2481 g
1468 2451 1520 2482 καὶ
1539 2450 1684 2493 πονηρό-

171 2519 266 2538 τατοι
287 2515 358 2538 om.
377 2504 519 2537 A.k.r.S.
630 2500 651 2528 h
671 2504 805 2549 μικρὸν]
831 2505 948 2547 μικροῦ
969 2515 995 2536 r.
1084 2500 1091 2526 i
1113 2502 1162 2547 τι]
1188 2503 1226 2535 τὸ
1246 2514 1280 2535 u.
1303 2513 1372 2535 om.
1395 2502 1485 2540 F.Q.
1589 2499 1608 2525 k
1628 2502 1687 2544 τῆς·

171 2569 242 2591 om.
266 2557 311 2591 Ο.
424 2554 435 2580 l
453 2555 576 2599 ταύτης
597 2557 632 2590 S.
662 2557 807 2599 ταυτησί
826 2557 944 2600 vulgo.
1057 2561 1086 2579 ¹1¹
1107 2553 1217 2600 εἷλεν]
1241 2552 1330 2598 εἶχεν
1349 2567 1378 2588 r.
1476 2562 1488 2574 ²¹
1509 2554 1682 2600 τεχνίτας]

171 2625 332 2655 τεχνητας
352 2621 405 2655 pr.
430 2609 464 2643 S.
621 2615 639 2633 0
669 2610 774 2656 ἑαυτῷ
794 2608 1078 2647 S.Y.Q.O.t.u‚v.
1110 2608 1199 2641 αὑτῶ
1220 2620 1247 2641 s.
1279 2610 1369 2653 αυτῷ
1389 2611 1429 2640 A.
1460 2608 1550 2654 αὐτῷ
1569 2607 1686 2652 vulgo.

172 2669 192 2696 P
211 2664 296 2708 πρὸς
316 2663 418 2696 αὐτὸν
438 2674 506 2696 om.
527 2674 556 2695 r.
587 2664 660 2696 τίνα
680 2663 763 2706 πρὸς
785 2662 886 2695 αὐτὸν
906 2662 941 2695 k.
1075 2667 1093 2694 q
1114 2661 1294 2704 ἐνεορακὼς
1314 2660 1355 2694 Y.
1387 2661 1538 2706 ἑωρακὼς
1558 2659 1687 2694 A.B.k.

277 2722 300 2737 ω

172 2762 234 2784 r.s.
263 2750 408 2794 ἑορακὼς
430 2749 470 2783 F.
512 2749 655 2793 ἑορακὼς
675 2749 718 2787 Q.
771 2748 994 2782 scribebatur
1014 2748 1214 2791 ἐνεωρακὼς,
1236 2748 1341 2792 idque
1370 2747 1489 2780 addjto
1516 2744 1576 2788 εἵη,
1596 2747 1691 2791 quod

173 2815 243 2837 om.
267 2803 301 2835 S.
385 2808 400 2826 Γ
420 2801 569 2846 δέονται]
593 2802 733 2835 δέωνται
754 2802 799 2835 Ο.
890 2807 905 2826 ⁵
925 2801 1053 2834 δέδοικε
1076 2800 1156 2834 SY.
1187 2800 1369 2833 δεδοικέναι
1388 2800 1505 2845 vulgo.
1600 2802 1612 2824 ἵ
1631 2799 1690 2832 λε’-

174 2870 248 2902 γειν
268 2867 337 2889 om.
358 2860 423 2888 t.u.
445 2860 481 2888 et
499 2867 551 2899 pr.
575 2854 618 2888 O.
745 2862 765 2880 u
787 2855 830 2889 ὡς
850 2866 919 2888 om.
943 2853 985 2887 Ο.
1116 2858 1136 2877 Χ
1156 2853 1272 2898 οὐδὲν]
1293 2853 1371 2886 οὐδὲ
1386 2865 1414 2886 r.
1544 2858 1562 2885 Y
1583 2852 1692 2896 φασὶν

178 2908 296 2954 αὐτὸν]
321 2908 422 2941 αὐτόν
442 2912 551 2953 φασιν
571 2907 816 2946 F.Q.O.t.u.V.
929 2912 946 2931 Ζ
968 2906 1047 2940 ὄντα
1070 2906 1106 2940 S.
1137 2908 1243 2940 οὔσας
1261 2906 1378 2950 vngO.
