1930 3266
196 301 274 343 331

194 1229 278 1271 332

295 177 379 217 332
830 183 1257 221 ΔΗΜΟΣΘΕΝΟΎΣ
1350 182 1430 221 οη.
1451 181 1634 221 XVIII.
1659 195 1701 235 p.
1719 190 1818 235 315,
1831 159 1930 229 20-2'.

754 290 867 346 11τοὶς
909 297 1003 342 τῶν
1055 292 1379 358 ἰλειτουργιῶν
1422 294 1691 358 μαρτυρίας,
1741 291 1804 345 ὧν
1817 314 1858 336 20

1160 373 1177 401 k

369 291 489 356 Φέρε
527 290 584 355 δὴ
629 293 703 341 καὶ

294 373 674 440 λελειτούργηκα,
727 376 832 437 ὑμῖν
887 377 1091 439 ἀναγνῶ.
1194 376 1303 439 παρ’
1356 372 1410 428 ἃς
1470 375 1807 441 παρανάγνωθι

292 455 386 507 1καὶ
412 456 477 507 σύ
500 480 580 520 μοι
605 457 688 510 τὰς
713 457 872 524 ῥήσεις
901 455 955 510 ἃς
979 457 1282 519 ιιἐ’λυμαίνου,

522 551 624 601 ῃἥκω
645 554 814 602 ονεκρῶν
837 553 1037 601 κευθμῶνα
1058 551 1119 590 καὶ
1141 551 1282 590 σκότου
1302 552 1429 594 πύλας

293 608 369 656 καὶ

520 682 808 730 ρκακαγγελεΐν
827 679 900 729 μὲν
920 679 1001 718 ἴσθι
1021 678 1072 728 μὴ
1094 677 1264 718 θέλοντά
1284 696 1345 729 με,

292 753 368 801 καὶ
403 751 545 802 κακὸν
577 757 729 806 κακῶς
763 775 821 802 σε
857 751 1073 815 μάλιστα
1105 751 1189 814 μὲν
1226 755 1268 802 οἱ
1307 754 1413 815 θεοὶ,
1441 753 1623 804 ιἶὲπειτα
1659 753 1808 803 ὀὗτοι
1819 771 1857 804 25

291 833 461 888 πάντες
487 835 787 898 ἀπολέσειαν,
809 835 1015 902 πονηρὸν
1042 835 1155 886 ὄντα
1179 838 1278 886 Ξκαὶ
1303 837 1528 901 ἴπολίτην
1552 839 1627 888 καὶ
1653 859 1808 903 τριτα-

290 917 548 983 γωνιστήν.

366 1001 490 1068 Λέγε
515 1001 599 1057 τὰς
624 1004 895 1070 μαρτυρίας.

886 1125 1212 1166 ΜΑΡΤΎῬΙΑῙ.

365 1207 451 1257 Ἐν
488 1205 573 1270 μὲν
610 1207 766 1258 τοίνυν
805 1211 902 1260 τοῖς
941 1206 1059 1272 πρὸς
1100 1206 1186 1270 τὴν
1223 1206 1366 1257 πόλιν
1402 1214 1624 1262 τοιοῦτος·
1667 1210 1716 1259 ἐν
1757 1209 1806 1260 δὲ

290 1295 386 1344 τοῖς
425 1291 554 1345 ἰδίοις
591 1295 627 1342 εἱ
661 1290 726 1355 μὴ
768 1290 939 1343 πάντες
979 1290 1080 1341 ἰ’στε
1120 1290 1190 1341 ὅτι
1229 1289 1379 1344 κοινὸς
1417 1293 1492 1342 καὶ
1526 1290 1802 1359 φιλάνθρω-

289 1396 378 1426 πος
429 1375 503 1423 καὶ
544 1378 638 1427 τοῖς
685 1373 913 1437 δεομένοις
960 1374 1189 1439 ἐπαρκῶν,
1236 1377 1403 1424 σιωπῶ
1449 1375 1522 1424 καὶ
1569 1373 1700 1424 οὐδὲν
1749 1372 1900 1431 ἂν316

290 1457 462 1520 ε’ίποιμι
503 1457 605 1508 οὐδὲ
645 1458 1011 1524 11παρασχοίμην
1050 1459 1157 1522 περὶ
1198 1456 1375 1507 τούτων
1420 1457 1635 1520 οὐδεμίαν
1679 1480 1801 1522 μαρψ

290 1543 465 1608 τυρίαν,
505 1544 597 1593 οὔτ’
639 1542 681 1592 εἴ
714 1549 869 1596 Χτινας
910 1544 960 1592 ἐκ
997 1546 1092 1591 τῶν
1124 1542 1365 1604 πολεμίων
1406 1540 1666 1605 ἐλυσάμην,
1710 1541 1804 1591 οὔτ’

291 1626 334 1675 εἴ
363 1635 461 1676 τισι
498 1626 754 1691 θυγατέρας
790 1625 1101 1694 συνεξέδωκα,
1133 1627 1235 1675 οὔτε
1273 1630 1368 1676 τῶν
1403 1625 1624 1676 τοιούτων
1660 1624 1835 1677 013δὲνώ

193 1723 276 1766 333
292 1712 367 1760 καὶ
405 1709 497 1775 γὰρ
539 1712 659 1760 οὕτω
696 1732 796 1762 πως
838 1709 1094 1775 ὑπείληφα.
1140 1707 1231 1774 ἐγω
1276 1708 1444 1774 νομίζω
1487 1707 1569 1759 τὸν
1607 1708 1717 1772 Υμὲν
1758 1709 1808 1759 εὖ

290 1791 504 1843 παθόντα
549 1796 643 1843 δεῖν
684 1794 954 1855 μεμνῆσθαι
1001 1798 1018 1816 ²
1039 1789 1196 1841 πάντα
1238 1791 1320 1842 τὸν
1363 1790 1547 1858 χρόνον,
1594 1789 1677 1842 τὸν
1726 1791 1810 1843 ειδὲ

289 1876 557 1940 ποιήσαντα
595 1875 756 1929 ὒεύθυς
795 1878 1144 1938 ςέπιλελῆσθαι,
1172 1880 1209 1926 εἰ
1243 1878 1314 1926 δεῖ
1344 1876 1426 1926 τὸν
1461 1875 1546 1939 μὲν
1579 1881 1806 1943 χρηστοῦ,

289 1960 372 2011 τὸν
397 1960 445 2011 δὲ
471 1960 535 2025 μὴ
562 1959 889 2028 ἀμικροψύχου
924 1965 1072 2010 ποιεῖν
1104 1960 1241 2027 ἔργον
1267 1961 1530 2026 ἀνθρώπου.
1569 1958 1623 2010 τὸ
1649 1959 1698 2011 δὲ
1722 1958 1805 2013 τὰς
1822 1979 1860 2002 ¹0

291 2047 407 2099 ἰδίας
451 2046 717 2111 εὐεργεσίας
764 2043 1135 2108 ὑπομιμνήσκειν
1179 2047 1253 2094 καὶ
1300 2043 1454 2109 λέγειν
1497 2049 1663 2109 μικροῦ
1713 2045 1807 2093 δεῖν

289 2129 450 2193 ὅμοιόν
485 2130 589 2179 ἐστι
627 2132 694 2197 τῷ
733 2128 977 2194 ὀνειδίζειν.
1022 2128 1074 2178 οὐ
1109 2126 1165 2190 δὴ
1192 2127 1378 2191 ποιήσω
1417 2133 1628 2177 τοιοῦτον
1662 2126 1806 2190 οὐδὲν,

346 2283 361 2305 ¹¹
381 2285 442 2319 τὰς
459 2297 529 2320 om.
549 2290 575 2318 t.
597 2290 632 2319 et
652 2297 705 2330 pr.
726 2297 760 2319 v.
870 2281 881 2308 i
900 2284 1139 2330 λειτουργιῶν]
1163 2286 1372 2330 λειτουργῶν
1393 2284 1428 2318 S.
1521 2281 1538 2306 k
1559 2282 1637 2328 παρ’
1657 2282 1697 2319 ἃς
1718 2283 1806 2323 S.Q.

289 2338 403 2373 πάσας
421 2338 540 2383 vulgo.
637 2335 647 2362 l
668 2338 720 2371 καὶ
741 2336 786 2371 σι’)
805 2352 862 2381 μοι
885 2337 970 2376 SQ.
1001 2338 1041 2380 δὴ
1061 2338 1114 2371 καὶ
1134 2337 1178 2371 σύ
1197 2351 1254 2381 μοι
1274 2338 1389 2372 A.k.S.
1420 2338 1474 2371 καὶ
1493 2337 1539 2371 σὺ
1559 2337 1598 2371 F.
1628 2337 1668 2381 δὴ
1689 2338 1742 2371 καὶ
1762 2337 1808 2371 σὺ

290 2391 440 2425 O.t.u.v.
470 2390 499 2424 δ’
519 2390 597 2435 ἡμῖν
616 2391 669 2424 καὶ
689 2391 734 2424 σὺ
753 2392 871 2437 vulgo.
994 2396 1024 2415 m
1045 2389 1244 2435 ἐλυμαίνου]
1270 2390 1424 2434 ἐλυμήνω
1445 2391 1557 2424 A.k.s.
1678 2395 1698 2414 Π
1718 2389 1802 2436 ἥκω]

290 2445 414 2490 Eurip.
438 2444 526 2478 Hec.
547 2456 579 2478 v.
600 2445 623 2478 l.
759 2449 777 2468 o
799 2446 922 2489 νεκρῶν
944 2444 980 2478 S.
1013 2444 1213 2488 Legebatur
1232 2444 1342 2477 λιπὼν
1362 2455 1405 2477 ex
1425 2443 1568 2478 secundi
1587 2443 1680 2489 apud
1701 2443 1804 2478 Euri-

289 2498 408 2543 pidem
427 2509 547 2531 versus
567 2497 679 2530 initio.
709 2498 820 2530 λιπὼν
840 2497 1023 2542 adscripsit
1043 2509 1167 2530 manus
1186 2497 1427 2530 recentissima
1445 2497 1480 2531 in
1504 2496 1539 2531 S.
1653 2504 1672 2532 Ρ
1685 2510 1805 2542 κακαγ-

288 2551 421 2596 γελεῖν]
447 2552 667 2595 καταγγελεῖν
686 2555 713 2584 t.
736 2555 771 2584 et
786 2563 838 2596 pr.
859 2562 891 2584 v.
922 2549 990 2583 κάκ’
1010 2549 1167 2595 ἀγγελεῖν
1187 2549 1231 2584 Ο.
1261 2549 1329 2583 κάκ’
1345 2549 1504 2596 ἀγγέλειν
1521 2562 1556 2584 u.
1586 2548 1657 2583 κακ’
1679 2548 1805 2595 ἀγγέλ-

288 2605 362 2637 λειν
384 2604 450 2637 S.r.
472 2609 507 2637 et
526 2608 703 2638 correctus
722 2605 765 2637 A.
797 2605 1040 2649 κακαγγελλειν
1060 2603 1174 2641 Q.k.s.
1195 2608 1230 2637 et
1249 2615 1300 2648 pr.
1323 2604 1363 2638 A.
1475 2608 1493 2635 ‘1
1513 2603 1629 2636 ἔπειτα
1646 2602 1805 2637 A.S.k.s.

289 2657 406 2690 ἔπειτα
425 2657 461 2690 δέ
480 2657 598 2702 Vulgo.
709 2662 725 2681 Γ
743 2655 838 2690 οὗτοι
858 2662 938 2702 post
957 2656 1164 2690 ἀπολέσειαν
1182 2657 1293 2690 A.k.s.
1416 2661 1430 2680 S
1451 2657 1503 2689 καὶ
1522 2655 1680 2690 additum
1700 2667 1743 2690 ex
1763 2656 1804 2690 F.

291 2710 376 2748 S.Q.
408 2710 574 2743 Deletum
593 2709 630 2743 In
652 2710 687 2744 S.
710 2722 730 2743 a
749 2722 795 2743 m.
818 2721 887 2743 sec.
1010 2708 1024 2734 t
1043 2709 1186 2753 πολίτην
1205 2709 1453 2747 A.F.S.Q.k.s.
1482 2709 1626 2752 πολίτην
1645 2709 1698 2742 καὶ
1717 2722 1804 2753 προ-

289 2763 390 2807 δότην
408 2763 528 2808 vulgo.
654 2769 673 2788 ¹1
693 2763 935 2808 παρασχοίμην
955 2763 1084 2801 F.S.Q.
1116 2762 1356 2807 παρασχοίμην
1375 2760 1415 2796 ἂν
1434 2762 1551 2807 vulgo.
1675 2767 1694 2784 x
1713 2775 1806 2797 τινας

288 2828 358 2851 om.
380 2829 431 2861 pr.
455 2816 499 2850 O.
603 2822 620 2849 y
640 2816 701 2859 μὲν
721 2828 827 2861 supra
845 2828 982 2850 versum
1004 2828 1031 2849 s.
1129 2821 1146 2840 Ζ
1166 2816 1275 2849 πάντα
1294 2816 1353 2848 τὸν
1372 2815 1574 2854 A.S.Q.k.s.
1605 2814 1805 2860 Legebatur

288 2869 348 2902 τὸν
366 2870 487 2903 πάντα.
600 2874 619 2894 a
638 2869 674 2903 δέ
696 2869 945 2908 F.S.Q.O.t.v.
976 2868 1004 2903 δ’
1026 2867 1063 2902 εὖ
1082 2869 1200 2914 vulgo.
1302 2864 1322 2893 b
1342 2868 1457 2915 εὐθὺς]
1483 2868 1581 2904 εὐθὺς
1599 2867 1701 2902 αὐτὸν
1719 2867 1802 2914 Y.p.

289 2922 384 2956 εὐθὺς
405 2923 515 2955 αὐτῶν
534 2937 590 2968 γρ.
614 2921 659 2961 Q.
816 2927 829 2943 c
858 2921 1101 2967 ἐπιλελῆσθαι]
1129 2921 1355 2965 ἐπιλελῆσθαι
1374 2921 1484 2955 αὐτῶν
1502 2933 1530 2955 r.
1560 2921 1670 2955 αὐτῶν
1688 2920 1802 2955 ἐπιλε·

288 2974 416 3017 λῆσθαι
434 2989 489 3020 γρ.
511 2976 550 3010 F.
662 2972 681 3000 d
699 2973 938 3021 μικροψύχου]
962 2975 1204 3021 μικροψυχρου
1225 2975 1261 3009 S.
1289 2989 1310 3020 ρ
1330 2987 1350 3009 a
1367 2986 1414 3009 m.
1434 2986 1504 3009 rec.
1526 2974 1655 3009 deleto.
