1882 3250
34 159 102 197 22,
122 164 171 188 ιι.
626 152 987 190 ΟΛΎΝΘΙΑΚΟΣ
1019 152 1064 188 Α.
1547 149 1603 189 25

0 319 1 324 ¹
33 282 82 311 12
95 258 267 324 λόγους
313 264 564 310 ποιεῖσθαι.
620 265 902 311 εσκοπεῖσθε
953 260 1108 322 μέντοι
1157 265 1308 321 τοῦτο,
1354 258 1390 309 ὦ
1441 261 1601 324 ἄνδρες

89 345 342 405 Ἀθηναῖοι,
369 342 495 395 ὅπως
533 342 596 406 μὴ
634 343 810 408 λόγους
847 342 1037 408 ᾱέροῦσι
1075 342 1219 406 μόνον
1258 347 1299 392 οἱ
1337 346 1441 408 παρ’
1471 343 1600 405 ἡμῶν

168 423 181 440 Ι
366 426 376 441 2
463 424 475 441 N
580 427 593 442 x
639 425 661 442 ’l
1024 424 1035 439 Ι
1144 425 1164 441 ’Υ
1377 426 1386 440 ³

87 430 324 489 πρεσβεις,
351 431 481 474 αλλα
520 447 595 474 και
632 448 769 491 εργον
805 448 848 475 τι
883 428 1102 475 δεικνυειν
1139 424 1329 492 εξουσιν
1365 424 1594 492 εξεληλυ-

86 506 238 558 θότων
263 508 422 571 Εὴμῶν
447 507 589 576 ἀξίως
615 510 698 569 τῆς
722 507 906 560 πόλεως
942 510 1016 558 καὶ
1043 507 1190 558 ὄντων
1217 508 1289 557 ἐπὶ
1315 512 1410 559 τοῖς
1444 506 1598 572 πράγ-

1169 588 1461 655 ῒπράγματα,
1497 589 1589 653 μοί-
1611 614 1648 634 20

84 613 246 652 μασιν,
273 593 333 643 ὡς
372 588 493 643 ἅπας
530 590 615 652 μὲν
653 590 810 654 λόγος,
848 590 905 640 ἂν
942 592 1040 657 ἀπῇ
1075 589 1134 640 τὰ

82 672 214 723 ταιόν
251 696 294 723 τι
333 674 544 739 φαίνεται
596 676 670 723 καὶ
710 672 854 735 κενὸν,
899 672 1115 735 μάλιστα
1167 673 1215 723 δὲ
1266 675 1291 723 ὁ
1342 673 1470 737 παρὰ
1513 677 1595 737 τῆς

82 757 303 822 ἡμετέρας
346 757 545 810 πόλεως·
586 757 688 825 ὅσῳ
732 756 824 822 γὰρ
869 756 1156 819 ἓὲτοιμότατ’
1202 758 1327 826 αὐτῷ
1370 760 1594 821 δοκοῦμεν

82 843 303 906 χρῆσθαι,
355 839 600 909 1’τοσούτῳ
650 845 841 903 μᾶλλον
891 842 1149 890 ἀπιστοῦσι
1206 839 1397 893 ίποῖντες
1448 842 1586 909 αὐτῷ.

22 945 66 985 ¹3
81 921 269 987 πολλὴν
294 923 352 987 δὴ
378 922 463 987 τὴν
488 923 783 986 μετάστασιν
810 925 885 973 καὶ
911 923 1126 988 μεγάλην
1153 924 1354 974 δεικτέον
1387 923 1472 984 τὴν
1502 948 1584 989 με·
1605 943 1642 975 ²5

78 1006 304 1071 ταβολὴν,
340 1007 656 1074 εἰσφέροντας,
696 1007 917 1076 ἐξιόντας,
958 1005 1144 1057 ἅπαντα
1181 1013 1429 1061 ποιοῦντας
1468 1010 1587 1059 ἑτοί-

1166 1089 1183 1116 k

76 1113 189 1152 μως,
215 1090 341 1155 εἴπερ
378 1113 447 1143 τις
486 1092 591 1153 ὑμῖν
626 1090 851 1158 προσέξει
889 1089 972 1140 τὸν
999 1096 1120 1140 νοῦν.
1194 1089 1282 1140 κᾶν
1308 1095 1454 1140 ταῦτα
1484 1093 1584 1141 ἐθε-

76 1171 255 1236 λήσητε
278 1176 339 1227 ὡς
364 1172 594 1239 προσήκει
620 1176 695 1223 καὶ
721 1172 795 1236 1δὴ
817 1174 1098 1238 11’περαίνειν,
1121 1174 1173 1222 οὐ
1192 1173 1349 1235 μόνον,
1371 1172 1407 1223 ὦ
1427 1174 1590 1239 ἄνδρες

74 1256 327 1319 Ἀθηναῖοι,
369 1256 429 1307 τὰ
469 1255 748 1323 συμμαχικὰ
791 1258 1003 1309 ἀσθενῶς
1044 1257 1119 1306 καὶ
1164 1257 1377 1310 ἀπίστως
1422 1257 1589 1324 ἔχοντα

73 1338 337 1405 φανήσεται
375 1341 617 1408 Φιλίππῳ,
643 1338 774 1389 ἀλλὰ
810 1341 885 1389 καὶ
920 1338 979 1388 τοὶ
1013 1342 1095 1402 τῆς
1126 1340 1291 1392 οἰκείας
1327 1342 1473 1407 ἀρχῆς
1511 1342 1587 1391 καὶ
1601 1356 1652 1386 22

73 1420 307 1484 δυνάμεως
333 1427 484 1475 κακῶς
511 1422 678 1489 ἔχοντα
703 1421 1116 1489 ἐξελεγχθήσεται.

14 1522 64 1561 14
130 1504 299 1558 ”Ολως
340 1505 425 1568 μὲν
462 1505 554 1571 γὰρ
595 1506 623 1568 ἡ
666 1505 964 1569 Μακεδονικὴ
1011 1506 1203 1569 δύναμις
1251 1509 1324 1556 καὶ
1371 1506 1493 1573 ἀρχὴ
1538 1509 1586 1557 ἐν

70 1587 155 1649 μὲν
192 1588 494 1654 “προσθήκης
533 1589 658 1654 με’ρει
696 1590 805 1639 ἐστι’
838 1612 906 1642 τις
950 1591 1003 1640 οὐ
1046 1589 1224 1656 ομικριῗι,
1267 1589 1364 1640 οἷον
1407 1591 1590 1659 ὑπῆρξέ

0 1680 3 1772 ,
69 1672 174 1721 ποθ’
202 1673 335 1734 Ρὺμΐν
361 1674 434 1723 ε’πὶ
461 1672 693 1735 Τιμοθέου
727 1672 844 1738 πρὸς
870 1675 1166 1726 Ὀλυνθίους·
1210 1673 1357 1725 πάλιν
1383 1675 1441 1724 αὖ
1465 1674 1611 1740 πρὸς5

72 1756 326 1805 Ποτίδαιαν
344 1757 614 1808 Ὀλυνθίοις
641 1754 790 1823 ἐφάνη
816 1778 859 1805 τι
888 1762 1057 1806 (ἰτοῦτο
1076 1757 1453 1824 συναμφότερον·
1485 1760 1584 1808 νυνὶ

67 1837 137 1888 Ι’δὲ
175 1842 435 1891 Θετταλοῖς
480 1838 816 1905 Ξστασιάζουσι
861 1842 935 1890 καὶ
980 1841 1339 1906 τεταραγμένοις
1379 1844 1453 1893 ε’πὶ
1497 1841 1582 1906 τὴν

66 1921 340 1987 τυραννικὴν
388 1923 556 1972 ῐοὶκίαν
606 1923 883 1986 “ε’βοήθησε·
928 1925 1002 1973 καὶ
1052 1924 1157 1974 ὅποι
1208 1947 1275 1977 τις
1327 1924 1396 1986 ἂν,
1439 1923 1578 1988 οἶμαι,

10 2009 257 2072 Ι5προσθῇ
295 2005 384 2056 κᾶν
416 2005 586 2071 μικρὰν
620 2007 827 2069 δύναμιν,
864 2006 999 2057 πάντ’
1029 2010 1214 2073 ὠφελεῖ.
1259 2008 1374 2072 αὐτὴ
1401 2009 1450 2059 δὲ
1475 2011 1575 2060 καθ’
1594 2030 1632 2052 ¹0

0 2029 3 2136 Ι
66 2088 209 2152 αὑτὴν
247 2089 451 2152 ἀσθενὴς
489 2092 564 2139 καὶ
598 2094 798 2140 πολλῶν
830 2094 984 2140 κακῶν
1022 2092 1123 2140 ἐστὶ
1162 2090 1332 2154 μεστή.
1376 2094 1450 2141 καὶ
1485 2091 1578 2158 γὰρ

118 2245 133 2265 0
153 2241 338 2275 σκοπεῖσθε
357 2241 471 2285 μέντοι
491 2241 611 2287 τοῦτο]
631 2255 687 2286 γρ.
707 2241 911 2274 σκοπεῖσθαι
932 2239 1048 2284 μέντοι
1068 2242 1169 2273 τοῦτο
1189 2241 1240 2274 ὁεῖ
1261 2242 1344 2275 B.F.
1403 2240 1420 2268 (ἶ
1438 2243 1573 2290 ἐροῦσι]

118 2303 141 2320 (Δ)

64 2336 179 2381 ἐροῦσι
199 2336 288 2371 B.F.
413 2341 429 2360 e
449 2335 557 2381 ἡμῶν]
583 2336 672 2379 ὑμῶν
692 2335 955 2370 A.B.S.Y.O.u.
1078 2334 1092 2360 f
1108 2337 1305 2382 πράγματα]
1330 2339 1412 2383 ἔργα
1433 2338 1519 2372 A.Y.
1542 2345 1577 2373 et

64 2400 182 2434 margo
203 2389 290 2423 B.F.
389 2398 408 2423 ζ-’ἐ
429 2388 633 2435 ἑτοιμότατ’]
656 2391 869 2433 ἑτοιμότερον
889 2388 1029 2423 A.Y.O.
1134 2388 1151 2414 h
1168 2389 1339 2435 rooofirqp
1359 2394 1506 2425 τοσοῦτο
1528 2391 1573 2426 Ο.

64 2445 230 2475 τοσοῦτον
249 2455 287 2478 11.
401 2449 404 2462 ¹
426 2442 564 2487 πάντες]
588 2442 734 2477 ἅπαντες
752 2443 839 2476 A.Y.
937 2441 949 2463 ’ἢ
973 2439 1032 2475 κᾶν
1051 2442 1171 2489 ταῦτα]
1194 2443 1359 2477 κάνταῦθα
1381 2444 1421 2477 B.
1440 2445 1575 2485 (addito

1011 2505 1029 2528 η

63 2549 117 2579 γρ.
139 2536 198 2570 κᾶν
217 2539 336 2581 ταῦτα)
358 2545 392 2571 et
414 2538 452 2571 F.
566 2535 573 2563 ἶ
596 2537 651 2583 δὴ]
672 2538 870 2582 Legebatur
886 2539 947 2572 δεῖ.
979 2538 1029 2571 δεῖ
1050 2540 1084 2572 S.
1116 2539 1134 2581 ὴ
1155 2552 1175 2572 a
1190 2551 1235 2571 m.
1253 2551 1304 2583 pr.
1323 2539 1570 2584 superscripto.

65 2593 94 2612 m
112 2589 293 2634 περαίνειν]
318 2593 486 2635 περαινεῖν
507 2590 760 2624 B.F.S.O.u.V.
795 2605 848 2635 γρ.
872 2591 1039 2635 περαίνειν
1061 2593 1100 2626 B.
1123 2599 1157 2625 et
1177 2603 1245 2625 rec.
1272 2592 1306 2624 S.
1422 2600 1437 2616 Η
1460 2605 1571 2636 προσ-

63 2640 160 2684 θήκης
180 2643 289 2688 μέρει]
314 2643 503 2688 προσθὴκηι
523 2644 616 2688 μερίς
637 2644 715 2677 RS.
739 2650 773 2677 et
789 2644 849 2689 qui
864 2645 1011 2677 alterum
1031 2645 1066 2678 iu
1082 2657 1191 2690 marg.
1213 2645 1317 2677 habet
1336 2645 1374 2677 B.
1435 2650 1453 2668 ⁰
1472 2646 1573 2689 μικρὰ

63 2694 236 2730 A.B.S.Y.
267 2698 391 2740 σμικρά
410 2697 528 2742 vulgo.
654 2700 670 2723 l'
691 2697 784 2742 ὑμῖν]
810 2696 886 2739 ἡμῖν
905 2697 992 2731 A.Y.
1153 2697 1272 2742 τοῦτο]
1299 2699 1433 2730 τοιοῦτο
1452 2712 1509 2742 γρ.
1533 2698 1571 2732 F.

62 2750 194 2781 τοιοῦτο
215 2749 284 2794 (γρ.
305 2751 420 2793 τοῦτο)
443 2750 484 2783 Β.
623 2756 636 2774 r
657 2750 693 2783 δέ
713 2761 731 2782 a
751 2762 797 2783 m.
818 2761 885 2782 rec.
906 2750 1011 2784 habet
1035 2750 1068 2783 S.
1208 2754 1221 2773 S
1244 2750 1487 2796 στασιάζουσι]
1513 2764 1570 2784 νο-

63 2802 165 2834 σοῦσι
185 2803 237 2835 καὶ
257 2803 484 2844 στασιάζουσι
502 2801 717 2836 A.Y.O.u.v.
802 2801 816 2826 t
836 2802 958 2847 οἰκίαν]
981 2803 1103 2837 οἰκείαν
1125 2803 1159 2836 S.
1181 2815 1200 2836 a
1215 2815 1261 2835 m.
1279 2814 1345 2836 sec.
1431 2809 1453 2827 u
1472 2803 1571 2848 ἐβοή-

61 2867 161 2915 θησε]
179 2858 373 2915 ἐβοήθησῗιν
393 2873 431 2905 F.
463 2871 655 2914 ἐβοήθησαν
675 2872 788 2905 B.u.v.
839 2871 881 2904 In
910 2871 943 2904 S.
966 2884 1017 2917 pr.
1038 2872 1104 2905 fuit
1129 2871 1333 2915 ἐβοήθησαν,
1354 2872 1484 2907 omisso
1507 2873 1571 2911 καὶ,

62 2922 154 2966 quod
172 2935 218 2956 m.
235 2925 475 2959 recentissima
495 2924 628 2958 addidit
648 2930 683 2958 et
703 2923 871 2967 ἐβοήθησε
891 2925 1051 2959 correxit.

120 2997 212 3024 VOL.
230 2998 258 3025 l.
830 2999 856 3024 E
