1882 3250
51 177 141 223 180,
158 193 211 215 28.
540 180 665 217 ΠΕΡΙ
695 179 812 217 ΤΩΝ
844 180 1191 218 ΣΎΜΜΟΡΙΩΝ.
1538 177 1617 221 191

129 288 138 301 e
220 285 232 303 t
441 291 461 300 Α
507 286 528 304 et
552 292 568 307 η
804 287 817 304 x
939 294 958 303 Α
1041 288 1050 306 1
1200 290 1210 305 ³
1272 293 1292 302 n
1445 293 1465 303 Α
1535 287 1554 308 5

113 289 352 351 ηγουμεθα
385 309 480 340 τοις
531 292 740 352 Ελλησι,
766 311 852 351 την
876 311 959 338 του
990 292 1129 355 φιλος
1157 311 1310 342 αυτοις
1337 291 1487 338 δοκειν
1513 311 1626 339 ειναι

112 370 275 420 πίστιν
310 368 531 437 λήψεται,
585 375 686 423 πῶς
723 371 805 420 οὖν
838 371 963 420 ταῦτ’
992 370 1160 431 ἕσται;
1206 370 1262 420 ἂν
1296 371 1324 433 ἡ
1362 370 1448 433 μὲν
1481 370 1621 421 δύνα-

113 475 189 515 μις
223 455 306 515 τῆς
337 451 522 505 πόλεως
548 453 843 520 ἐξητασμένη
871 456 945 502 καὶ
979 453 1398 518 παρεσκευασμένη
1423 458 1572 504 πᾶσιν
1597 451 1628 520 ᾗ

116 535 309 604 φανερὰ,
338 536 559 603 φαίνηται
585 534 633 584 δὲ
660 536 814 585 δίκαια
838 534 1057 603 1(φρονεῖν
1083 538 1157 586 ἐπὶ
1190 535 1335 602 ταύτῃ
1365 539 1423 602 τῇ
1453 558 1622 600 προαι-
1639 556 1655 588 5

78 617 253 684 9ρέσει.
305 622 401 670 τοῖς
432 617 479 668 δὲ
513 618 878 683 θρασυνομένοις
910 621 986 668 καὶ
1020 618 1215 685 σφόδρα
1252 618 1443 680 ἑτοίμως
1476 625 1622 667 πολε-

113 704 216 762 μεῖν
250 699 522 749 κελεύουσιν
558 701 701 749 ἐκεῖνο
740 699 879 764 λέγω,
914 699 984 750 ὅτι
1024 701 1106 750 οὐκ
1145 700 1247 749 ε”στι
1285 697 1497 766 χαλεπὸν
1530 700 1626 749 οὔθ’

115 781 226 831 ὅταν
261 780 573 841 βουλεύεσθαι
613 781 705 849 δέῃ,
741 781 886 849 δόξαν
916 780 1146 847 Ῑάνδρείας
1183 786 1364 842 λαβεῖν,
1392 783 1487 831 οὔθ’
1517 781 1630 831 ὅταν

115 862 323 916 κίνδυνός
361 886 429 916 τις
466 863 606 928 ἐγγὺς
643 862 687 930 ᾖ,
723 865 872 914 δεινὸν
911 869 1052 915 εἰπεῖν
1088 868 1305 931 φανῆναι,
1341 866 1451 914 ἀλλ’
1487 867 1630 915 ἐκεῖνο

115 948 230 996 Π’καὶ
257 946 468 1011 χαλεπὸν
494 949 568 996 καὶ
595 950 853 1012 προσῆκον,
873 949 946 997 ἐπὶ
971 947 1055 1009 μὲν
1074 951 1168 997 τῶν
1194 946 1415 996 κινδύνων
1434 945 1519 1009 τὴν
1541 948 1623 996 ἀν·
1645 971 1683 992 ιο

116 1028 270 1093 δρειάν
297 1028 655 1090 Πένδείκνυσθαι,
683 1030 730 1078 ἐν
756 1027 803 1078 δὲ
834 1032 901 1097 τῷ
936 1029 1278 1091 συμβουλεύειν
1305 1029 1631 1096 φρονιμώτερα

16 1124 20 1139 ¹
158 1117 177 1125 n
247 1112 270 1129 ,ν
452 1115 462 1129 9
526 1117 545 1125 „
601 1112 624 1128 ν
796 1113 806 1127 ›
850 1111 861 1127 x
930 1114 940 1127 φ
1001 1111 1019 1131 ‘5
1062 1113 1085 1129 ‚f
1239 1113 1249 1128 2
1424 1117 1444 1125 Α
1522 1119 1540 1137 0

54 1135 105 1162 10
116 1135 209 1162 των
236 1118 401 1162 αλλων
428 1135 567 1162 ειπειν
594 1135 729 1178 εχειν.
784 1135 875 1176 εγω
902 1116 928 1162 δ
945 1152 956 1174 ,
984 1136 1020 1162 ω
1051 1116 1213 1178 ανδρες
1256 1117 1494 1175 Αθηναιοι,
1549 1134 1626 1162 νο-

116 1194 229 1260 μίζω
267 1194 350 1245 τὸν
394 1195 478 1258 μὲν
515 1196 726 1258 πόλεμον
764 1195 882 1245 Ρτὸν
919 1194 1037 1260 πρὸς
1075 1195 1283 1256 βασιλέα
1323 1193 1535 1261 χαλεπὸν
1574 1198 1632 1260 τῇ

116 1276 266 1340 πόλει,
295 1277 376 1328 τὸν
404 1279 440 1328 δ’
470 1280 631 1342 ἀγῶνα
656 1276 738 1327 τὸν
763 1279 812 1327 ἐκ
845 1284 929 1328 τοῦ
963 1278 1175 1341 πολέμου
1201 1277 1390 1345 Ἷρᾴδιον
1416 1275 1474 1327 ἂν
1500 1300 1625 1340 συμ-
1646 1301 1682 1333 15

117 1360 283 1422 βάντα.
336 1359 411 1410 διὰ
442 1361 491 1410 τί
509 1382 520 1422 ;
565 1360 635 1410 ὅτι
673 1359 779 1413 τοὺς
817 1359 901 1422 μὲν
935 1360 1172 1424 πολέμους
1209 1358 1421 1413 ἅπαντας
1454 1362 1627 1425 Γἀναγ-

119 1445 257 1497 καίως
282 1444 483 1508 ἡγοῦμαι
508 1443 709 1509 τριήρων
743 1446 817 1493 καὶ
852 1444 1106 1510 χρημάτων
1141 1444 1216 1494 καὶ
1250 1443 1409 1494 τόπων
1436 1447 1632 1505 δεῖσθαι,

119 1533 265 1577 ταῦτα
285 1526 333 1577 δὲ
357 1526 512 1577 πάντα
531 1526 862 1593 Ξἀφθονώτερα
885 1529 1055 1577 ἐκεῖνον
1078 1527 1246 1594 ἔχοντα
1265 1527 1396 1590 ἡμῶν
1417 1527 1632 1591 εὑρίσκω·

56 1609 224 1662 Ῑιτοὺς
259 1611 296 1660 δ’
326 1612 511 1674 ἀγῶνας
549 1608 731 1662 οὐδενὸς
769 1611 888 1660 οὕτω
927 1615 1021 1660 τῶν
1060 1610 1225 1660 ἄλλων
1261 1611 1354 1675 ὁρῶ
1391 1609 1634 1672 δεομένους

119 1695 180 1746 ὡς
211 1693 416 1758 ῑάνδρῶν
452 1695 657 1757 ἀγαθῶν,
693 1691 883 1744 τούτους
918 1694 955 1741 δ’
985 1694 1093 1756 ἡμῖν
1129 1695 1203 1742 καὶ
1241 1698 1337 1745 τοῖς
1374 1694 1473 1756 μεθ’
1502 1693 1633 1755 ἡμῶν
1646 1719 1686 1740 20

118 1775 435 1826 κινδυνεύουσι
468 1776 658 1827 πλείους
693 1775 916 1842 ὑπάρχειν
948 1776 1129 1841 νομίζω.
1182 1775 1265 1826 τὸν
1290 1775 1374 1839 μὲν
1401 1774 1456 1838 δὴ
1482 1774 1629 1825 πόλε-

117 1882 206 1922 μον
242 1857 316 1908 διὰ
355 1864 502 1908 ταῦτα
539 1862 750 1923 παραινῶ
784 1865 804 1883 ¹¹
814 1859 919 1922 μηδ’
947 1859 1002 1926 ἐξ
1032 1859 1131 1911 ἑνὸς
1168 1857 1344 1924 τρόπου
1381 1858 1636 1923 προτέρους

118 1941 384 2003 ἀνελέσθαι,
411 1943 485 1991 ἐπὶ
512 1941 559 1991 δὲ
590 1940 672 1991 τὸν
704 1942 843 2006 ἀγῶν’
873 1943 1022 2006 ὀρθῶς
1060 1944 1181 2010 φημὶ
1214 1941 1629 2007 παρεσκευασμέν-

58 2048 107 2078 12
121 2046 198 2076 ους
237 2022 460 2090 ὑπάρχειν
493 2026 673 2089 χρῆναι.
733 2028 768 2073 εὶ
806 2022 892 2086 μὲν
926 2025 1006 2073 οὖν
1044 2022 1196 2089 ἕτερός
1229 2031 1334 2077 Χτις
1371 2023 1544 2089 τρόπος
1577 2023 1635 2087 ἧν

120 2105 355 2168 δυνάμεως
382 2104 418 2174 ᾧ
445 2105 551 2158 τοὺς
577 2106 850 2172 βαρβάρους
876 2105 972 2157 οἷόν
991 2130 1039 2157 τε
1065 2106 1122 2171 ἦν
1148 2107 1456 2169 Υἀμύνασθαι,
1483 2107 1634 2173 ἕτερος
1648 2135 1685 2166 25

119 2189 178 2239 δέ
205 2211 274 2242 τις
310 2187 347 2257 ᾧ
384 2188 490 2241 τοὺς
520 2187 782 2252 “Έλληνας,
816 2188 1000 2242 εἰκότως
1040 2189 1097 2240 ἂν
1131 2190 1246 2243 ἴσως
1285 2192 1478 2258 φανεροὶ
1516 2190 1636 2255 πρὸς

119 2272 288 2321 ἐκεῖνον
332 2270 592 2336 ἐγιγνόμεθ’
633 2270 1023 2335 ἀντιταττόμενοι·
1078 2274 1174 2324 ἐπεὶ
1213 2272 1261 2323 δὲ
1302 2272 1463 2336 πάσης
1501 2274 1637 2323 Ζέστὶ

120 2357 420 2420 παρασκευῆς
453 2356 478 2405 ὁ
511 2354 647 2407 αὐτὸς
686 2353 858 2420 τρόπος
894 2357 969 2405 καὶ
1008 2359 1079 2406 δεῖ
1112 2355 1292 2407 ἢταύτοὶ
1329 2354 1444 2406 εἶναι
1483 2354 1632 2423 κεφά-

178 2525 199 2553 k
225 2529 364 2574 φρονεῖν
387 2529 442 2562 ε’πὶ
467 2528 571 2571 ταύτῃ
591 2531 632 2571 τῇ
655 2528 855 2574 προαιρέσει
874 2529 956 2563 A.S.
1008 2529 1207 2574 Legebatur
1227 2528 1281 2562 ἐπὶ
1300 2527 1404 2570 ταύτῃ
1425 2528 1566 2572 φρονεῖν
1584 2529 1634 2561 αἶ-

122 2583 278 2626 ρουμένη.
374 2578 385 2606 Ῑ
405 2582 557 2627 ἀνδρείας
577 2587 612 2615 et
631 2581 722 2614 infra
740 2579 895 2626 ἀνδρείαν
914 2582 996 2615 A.S.
1039 2581 1261 2615 Scribebatur
1280 2580 1415 2625 ἀνδρίας
1434 2585 1469 2614 et
1488 2578 1638 2625 ἀνδρίαν.

124 2639 154 2658 ¹¹¹
175 2634 226 2667 καὶ
245 2646 314 2668 om.
336 2635 377 2667 A.
480 2640 498 2658 Π
519 2634 749 2667 ἐνδείκνυσθαι
771 2634 808 2667 S.
839 2634 1089 2668 ἐπιδείκνυσθαι
1108 2634 1226 2678 vulgo.
1333 2638 1351 2657 ⁰
1371 2633 1492 2675 νομίζω
1513 2644 1582 2666 om.
1602 2645 1634 2667 V.

122 2686 254 2720 inserto
273 2699 341 2721 rec.
363 2688 430 2731 ὁρῶ
450 2694 530 2731 post
549 2686 589 2721 δ’.
714 2692 733 2719 Ρ
754 2687 813 2719 τὸν
833 2698 902 2720 om.
923 2687 964 2720 A.
999 2722 1034 2739 ou
1089 2692 1108 2718 q
1127 2685 1243 2731 ῥᾴδιον
1262 2684 1301 2718 ἂν
1322 2685 1519 2730 συμβάντα]
1546 2699 1633 2728 συμ-

122 2740 221 2782 βῆναι
240 2740 371 2783 ράιδιον
390 2739 429 2772 ι’ίν
450 2740 486 2773 S.
600 2744 614 2762 Γ
633 2738 833 2784 ἀναγκαίως]
855 2738 1054 2784 ἀναγκαιους
1073 2739 1114 2772 F.
1227 2744 1241 2762 ⁵
1261 2737 1500 2783 ἀφθονώτερα]
1525 2736 1635 2781 ἀφθο-

123 2793 267 2836 νώτερον
287 2794 327 2825 Α.
425 2791 439 2816 t
457 2791 587 2836 ἀνδρῶν
605 2790 756 2836 ἀγαθῶν]
781 2791 915 2835 ἀγαθῶν
934 2791 1064 2835 ἀνδρῶν
1084 2789 1254 2825 F.Y.O.v.
1350 2796 1372 2815 Π
1390 2788 1466 2834 μηδ’
1486 2790 1524 2834 ἐξ
1543 2790 1634 2835 ἑνὸς]

123 2844 157 2877 ἐκ
176 2845 317 2887 μηδενὸς
337 2846 377 2878 A.
480 2850 498 2868 ¹
518 2858 568 2878 τις
589 2845 715 2888 τρόπος
734 2842 773 2886 ἦν
792 2844 876 2877 AS.
907 2842 945 2885 ἦν
965 2857 1015 2877 τις
1033 2845 1159 2887 τρόπος
1177 2843 1295 2888 vulgo.
1405 2848 1424 2876 Υ
1444 2840 1637 2886 ἀμύνασθαι

123 2908 194 2930 om.
216 2909 268 2941 pr.
291 2897 326 2930 S.
447 2902 464 2921 Ζ
485 2898 560 2930 ἐστὶ
578 2896 810 2942 παρασκευῆς]
835 2897 1050 2942 παρασκευῆς
1069 2896 1164 2930 ἐστὶν
1184 2895 1358 2930 F.Y.O.v.
1470 2899 1490 2920 θ’
1508 2895 1630 2941 ταύτὰ]

123 2949 165 2982 τὰ
183 2950 268 2983 αὐτὰ
287 2950 404 2995 vulgo.
437 2948 529 2983 τουτ’
553 2949 589 2983 S.
