1930 3266
287 203 370 244 272
824 206 1253 244 ΔΗΜΟΣΘΕΝΟὙΣ
1339 203 1421 242 On.
1446 202 1628 242 XVIII.
1653 216 1692 256 p.
1714 203 1809 255 258,
1826 216 1866 240 <20

194 336 272 366 120
284 313 632 377 βουλευόμενοι.
674 315 819 380 πε’ρας
858 314 978 378 1’μὲν
1018 315 1112 381 γὰρ
1151 316 1330 366 ἅπασιν
1369 316 1630 380 ἀνθρώποις
1671 314 1797 365 ἰέστῖ
1812 337 1852 359 ²0
1898 311 1925 366 ‘sn

284 403 366 448 τοῦ
401 399 508 457 βίου
546 397 796 460 Ιίθοῖνατος,
825 396 911 448 κᾶν
950 400 996 448 ἐν
1039 399 1232 467 οἰκίσκῳ
1267 421 1336 451 τις
1371 398 1512 449 αὑτὸν
1552 397 1800 465 καθείρξας

284 484 420 546 τηρῇ·
462 483 534 531 δεῖ
565 481 613 531 δὲ
649 481 754 534 τοὺς
797 480 1002 546 ἀγαθοὺς
1040 481 1212 545 ἄνδρας
1247 484 1467 548 ἐγχειρεῖν
1507 481 1590 544 μὲν
1622 480 1801 531 ἅπασιν

284 566 353 614 ἀεὶ
379 569 474 617 τοῖς
508 569 682 625 καλοῖς,
711 564 796 627 τὴν
823 563 1005 629 ἀγαθὴν
1031 564 1452 628 προβαλλομένους
1489 565 1676 625 ἐλπίδα,
1708 564 1793 630 φέ-

721 655 728 672 1

192 674 262 703 121
282 670 378 713 ρειν
415 649 451 697 δ’
480 646 533 697 Ῑὸ
559 670 602 697 τι
629 645 686 696 ἂν
731 655 750 672 ¹¹
770 648 794 696 ὁ
832 645 934 699 θεὸς
976 650 1087 715 διδῷ
1111 648 1344 712 γενναίως.
1383 649 1508 698 ταῦτ’
1540 647 1722 698 ἐποίουν
1757 650 1798 697 οἱ

285 730 521 796 Πὑμέτεροι
546 729 784 796 πρόγονοι,
812 735 945 781 ταῦθ’
974 732 1128 792 Οὑμῶν
1155 735 1197 780 οἱ
1224 730 1550 796 πρεσβύτεροι,
1579 730 1621 780 οἳ
1649 736 1797 780 Λακε-
1813 750 1850 780 25

283 816 544 876 δαιμονίους
584 816 636 864 οὐ
675 815 846 882 φίλους
885 814 1023 867 ὄντας
1061 815 1153 864 οὐδ’
1183 814 1435 879 εὐεργέτας,
1469 813 1599 864 ἀλλὰ
1635 813 1800 864 πολλὰ

282 897 368 961 τὴν
405 898 549 948 πόλιν
581 899 713 962 ἡμῶν
755 898 1029 962 ἠδικηκότας
1068 901 1143 949 καὶ
1178 897 1381 962 μεγάλα,
1408 897 1565 961 ἐπειδὴ
1593 901 1798 961 Θηβαῖοι

283 980 603 1047 κρατήσαντες
624 984 671 1032 ἐν
693 982 944 1047 Λεύκτροις
970 985 1150 1032 ἀνελεῖν
1171 983 1447 1048 ἐπεχείρουν,
1469 982 1797 1043 διεκωλύσατε,
1926 986 1930 1022 ¹

282 1066 335 1115 οὐ
361 1066 649 1133 φοβηθέντες
684 1065 769 1129 τὴν
795 1064 900 1116 τότε
928 1067 1158 1130 Θηβαίοις
1183 1067 1346 1132 ῥώμην
1371 1069 1446 1116 καὶ
1473 1065 1617 1134 δόξαν
1645 1065 1793 1131 ὑπάρ-
1814 1079 1894 1123 259

282 1172 479 1216 χουσαν,
500 1151 593 1200 οὐδ’
616 1150 730 1215 ὑπὲρ
756 1149 830 1200 οἶοι
855 1149 1177 1214 πεποιηκότων
1199 1150 1459 1216 ἀνθρώπων
1481 1149 1798 1201 κινδυνεύσετε

190 1255 266 1282 122
281 1232 679 1298 διαλογισάμενοι·
721 1236 796 1284 καὶ
823 1233 916 1300 γάρ
944 1257 1014 1284 τοι
1041 1238 1162 1284 πᾶσι
1198 1239 1293 1286 τοῖς
1322 1231 1569 1296 ΓΈλλησιν
1595 1234 1797 1302 ἐδείξατε

280 1318 328 1366 ἐκ
355 1315 533 1367 τούτων
560 1317 630 1367 ὅτι
657 1317 743 1367 κᾶν
769 1319 922 1368 ὁτιοῦν
951 1326 1043 1370 Ρτις
1076 1322 1137 1371 εἰς
1176 1319 1292 1380 ὑμᾶς
1327 1317 1580 1386 ἐξαμάρτῃ,
1608 1324 1628 1352 q
1647 1317 1826 1386 τούτῳε

280 1398 365 1463 τὴν
384 1399 530 1465 ὀργὴν
550 1406 610 1454 εἱς
637 1401 797 1451 τᾶλλα
823 1401 963 1468 ἔχετε,
993 1414 1008 1434 ¹'
1025 1400 1104 1452 ε’ἂν
1131 1403 1167 1452 δ’
1192 1401 1305 1466 ὑπὲρ
1331 1401 1590 1466 Ξσωτηρίας
1615 1399 1643 1465 ὴ
1670 1403 1798 1451 ε’λευ-

281 1485 435 1550 θερίας
474 1485 681 1539 κίνδυνός
722 1509 791 1539 τις
832 1485 999 1539 αὐτοὺς
1035 1484 1395 1552 καταλαμβάνῃ,
1424 1487 1527 1536 οὔτε
1565 1507 1796 1548 μνησικα-

190 1587 266 1628 123
282 1567 450 1632 κήσετε
487 1571 582 1619 οὔθ’
621 1571 968 1635 ὑπολογιεῖσθε.
1009 1572 1113 1620 ῒκαὶ
1157 1571 1240 1620 οὐκ
1280 1571 1354 1620 ἐπὶ
1390 1568 1568 1619 τούτων
1604 1576 1624 1594 “
1640 1567 1797 1631 μόνων

281 1653 426 1706 οὕτως
470 1652 715 1720 ἐσχήκατε,
758 1653 888 1704 ἀλλὰ
932 1653 1079 1705 πάλιν
1123 1652 1524 1721 σφετεριζομένων
1567 1654 1796 1717 Θηβαίων

279 1736 365 1800 τὴν
407 1738 615 1797 Εὔβοιαν
656 1739 708 1787 οὐ
748 1739 1006 1803 περιείδετε,
1043 1740 1139 1788 οὐδ’
1173 1737 1236 1788 ὧν
1272 1736 1361 1788 ὑπὸ
1402 1738 1680 1798 Θεμίσωνος
1719 1739 1793 1788 καὶ
1813 1761 1850 1783 ¹0

430 1820 442 1836 Ι
640 1825 652 1839 x
852 1820 865 1835 Χ
936 1823 945 1836 5
990 1823 1000 1839 l
1190 1823 1199 1838 ἱ
1333 1819 1345 1836 Ι
1544 1822 1554 1836 ’
1628 1822 1638 1836 9
1673 1823 1682 1836 9

281 1822 530 1885 Θεοδωρου
551 1844 655 1887 περι
680 1825 902 1887 Ὠρωπον
921 1825 1146 1885 ἠδικησθε
1174 1825 1512 1884 ανεμνησθητε,
1528 1828 1626 1871 αλλ
1660 1826 1796 1884 εβοη-

280 1903 459 1968 θήσατε
479 1907 554 1954 καὶ
575 1905 767 1967 τούτοις,
788 1910 883 1955 τῶν
902 1907 1187 1956 Χέθελοντῶν
1203 1904 1334 1955 Υτότε
1354 1903 1649 1971 τριηράρχων
1667 1910 1795 1970 πρῶ-

278 2011 360 2038 τον
385 1989 646 2053 γενομένων
671 1992 728 2056 τῇ
767 1988 918 2052 πόλει,
951 1987 1015 2040 ὧν
1049 1988 1110 2043 εἷς
1148 1987 1205 2052 ἧν
1239 1988 1343 2054 ἐγώ.
1384 1989 1493 2038 ἀλλ’
1523 1989 1652 2039 οὔπω
1689 1991 1794 2054 περὶ

188 2072 472 2133 124τούτων.
515 2073 697 2122 Ζκαίτοι
734 2072 882 2123 καλὸν
915 2073 1000 2135 μὲν
1033 2072 1282 2137 ἐποιήσατε
1320 2075 1396 2123 καὶ
1430 2071 1484 2122 τὸ
1511 2077 1672 2123 σῶσαι
1709 2071 1794 2138 τὴν
1812 2094 1847 2124 15

278 2159 440 2220 νῆσον,
465 2160 636 2225 πολλῷ
668 2160 709 2207 δ’
738 2156 804 2207 ἔτι
838 2157 1006 2208 τούτου
1044 2156 1242 2207 κάλλιον
1268 2155 1322 2207 τὸ
1349 2155 1668 2210 καταστάντες
1706 2157 1788 2207 κύ·

275 2262 364 2306 ριοι
404 2243 479 2290 καὶ
513 2245 607 2291 τῶν
633 2240 871 2303 σωμάτων
906 2244 982 2291 καὶ
1016 2245 1110 2291 τῶν
1142 2239 1330 2291 πόλεων
1356 2242 1610 2291 ἀποδοῦναι
1648 2246 1796 2291 ταῦτα

276 2324 460 2376 δικαίως
502 2325 657 2376 αὐτοῖς
698 2330 794 2378 τοῖς
840 2323 1217 2393 ἐξημαρτηκόσιν
1259 2328 1320 2377 εἷς
1366 2326 1496 2387 ὑμᾶς,
1541 2323 1685 2387 μηδὲν
1727 2322 1793 2374 ὧν

276 2409 501 2472 ἠδίκησθε
529 2415 547 2435 ³
564 2411 611 2458 ἐν
635 2408 702 2462 οἷς
727 2408 1031 2473 ἐπιστεύθητε
1065 2406 1479 2472 ὑπολογισάμενοι.
1524 2409 1665 2473 μυρία
1692 2409 1787 2459 τοί-

332 2533 353 2560 h
372 2536 433 2579 μὲν
453 2548 522 2569 0111.
544 2536 578 2569 k.
690 2532 699 2559 i
720 2536 796 2568 ἐστὶ
815 2538 875 2569 τοῦ
894 2535 973 2575 βίου
994 2547 1062 2568 om.
1085 2535 1129 2574 Q.
1245 2531 1264 2560 ¹*
1288 2535 1445 2580 θάνατος]
1470 2536 1489 2568 ὁ
1509 2535 1651 2570 θάνατος
1671 2535 1791 2574 Q.O.t.

278 2586 287 2613 Ῑ
309 2588 328 2622 ὅ
346 2604 379 2623 τι
399 2586 455 2635 ἂν]
480 2587 520 2622 ἂν
540 2588 556 2622 ὃ
579 2589 614 2622 S.
636 2594 675 2622 ut
695 2586 734 2622 ἂν
756 2589 792 2631 (i.
814 2601 843 2622 e.
864 2586 884 2622 ἃ
904 2588 957 2633 ἂν)
979 2590 996 2622 ὁ
1017 2589 1187 2632 conjicere
1210 2588 1323 2622 liceat.
1491 2594 1519 2612 ¹¹¹
1549 2589 1567 2621 ὁ
1587 2601 1656 2623 0111.
1677 2603 1731 2634 γρ.
1755 2589 1790 2623 S.

1055 2650 1104 2678 γρ.
1123 2641 1205 2676 ὑμῶν

282 2690 295 2705 ¹¹
318 2684 490 2730 ὑμέτεροι]
515 2684 670 2729 ἡμέτεροι
690 2685 800 2718 A.k.s.
912 2689 930 2709 0
953 2684 1060 2730 ὑμῶν]
1087 2684 1164 2727 ὑμῖν
1184 2697 1211 2718 s.
1243 2684 1318 2725 ὑμῖν
1338 2685 1417 2718 A.k.
1448 2685 1541 2728 ὑμεῖς
1562 2685 1597 2718 S.
1703 2690 1721 2718 P
1741 2698 1793 2720 τις

278 2751 347 2772 om.
372 2739 479 2772 A.k.s.
592 2743 606 2764 ”¹
627 2736 754 2785 τούτῳ]
779 2736 909 2771 τούτων
931 2738 965 2771 S.
1079 2743 1092 2761 Γ
1116 2738 1174 2772 ἐὰν
1195 2738 1230 2771 S.
1260 2736 1300 2770 ἂν
1319 2738 1436 2783 vulgo.
1549 2743 1563 2762 S
1585 2738 1754 2783 σωτηρίας
1772 2737 1791 2780 ἦ

278 2791 486 2837 ἐλευθερίας]
511 2790 703 2836 ἐλευθερίας
723 2792 775 2824 καὶ
795 2789 963 2835 σωτηρίας
982 2792 1092 2824 A.k.s.
1190 2789 1204 2815 t
1224 2791 1276 2824 καὶ
1292 2803 1361 2824 0111.
1382 2796 1408 2824 t.
1510 2796 1530 2815 ¹1
1550 2793 1661 2834 μόνων
1679 2791 1790 2825 A.k.s.

279 2845 478 2890 Legebatul·
497 2846 611 2888 μόνον.
687 2849 705 2868 Χ
727 2844 930 2890 ἐθελοντῶν]
956 2844 1143 2878 ἐθελόντων
1163 2843 1600 2889 A.F.S.Y.O.k.p.s.t.u.v.
1675 2851 1693 2880 θ’
1713 2846 1790 2878 τότε

277 2897 505 2943 τριηράρχων]
529 2898 608 2930 τότε
627 2900 839 2942 τριηραρχῶν
860 2898 895 2931 S.
925 2900 1139 2943 τριηραρχῶν
1157 2899 1235 2931 τότε
1255 2898 1371 2943 vulgo.
1503 2904 1517 2922 Ζ
1538 2895 1645 2931 καίτοι
1665 2897 1785 2944 καλὸν]

278 2952 330 2984 καὶ
349 2952 452 2984 καλὸν
473 2951 508 2985 S.
530 2955 565 2984 et
584 2950 705 2984 relicto
725 2950 815 2984 inter
836 2953 888 2984 καὶ
907 2956 942 2985 et
961 2951 1065 2984 καλὸν
1083 2951 1189 2984 trium
1209 2950 1389 2984 literarum
1409 2951 1522 2995 spatio
1542 2950 1586 2989 Q.
1720 2956 1732 2971 ἱ·
1754 2951 1790 2984 ἐν

279 3001 328 3038 οἷς
346 3002 567 3046 ἐπιστεύθητε
587 3003 623 3036 in
642 3017 695 3048 γρ.
720 3004 755 3037 S.
