1882 3250
256 158 339 199 146
794 157 1257 214 [ΔΗΜΟΣΘΕΝΟΥΣ]
1424 158 1506 198 οη.
1530 156 1591 196 X.
1614 170 1655 211 p.
1678 156 1772 210 136,
1789 170 1807 194 2

1238 270 1289 297 ΙΝ

256 272 408 335 με’νοις
459 272 581 336 11ῐἤδη
626 272 846 339 χρήματα
891 274 966 322 καὶ
1013 271 1187 334 τᾶλλα,
1266 293 1394 321 οσων
1445 269 1638 331 δέονται,
1689 271 1758 319 δι-
1777 285 1819 308 20

258 355 426 417 δόντες,
455 357 585 407 αὐτοὶ
611 358 648 406 δ’
678 356 988 424 εἰσφέροντες,
1015 353 1051 404 ὦ
1087 354 1250 420 ἄνδρες
1279 355 1536 418 Ἀθηναῖοι,
1562 354 1637 402 καὶ
1676 374 1760 401 κα-

257 439 646 505 τασκευαζόμενοι
707 438 995 504 στράτευμα,
1059 437 1256 504 τριήρεις
1321 437 1521 504 ταχείας,
1584 436 1767 497 ἵππους,

194 542 244 579 24
260 521 578 588 ἱππαγωγοὺς,
617 523 818 573 ωτᾶλλα
856 522 951 572 ὅσα
989 525 1048 575 εἷς
1087 521 1310 585 πόλεμον,
1350 523 1445 572 ἐπεὶ
1481 525 1562 570 νῦν
1595 542 1650 585 γε
1684 519 1766 585 γε’-

259 615 356 659 λως
395 607 494 656 ἔσθ’
523 609 584 659 ὡς
622 606 843 672 χρώμεθα
881 609 977 658 τοῖς
1013 603 1281 670 πράγμασι,
1309 606 1385 654 καὶ
1421 603 1663 654 Φίλιππον
1697 602 1819 651 “δ’25
1880 617 1882 666 ᾗ

898 686 1060 752 οοῖμαι
1107 687 1174 751 μὰ
1214 687 1322 741 τοὺς
1366 686 1498 740 θεοὺς
1541 686 1771 754 εὔξασθαι

259 689 400 740 αὐτὸν
444 689 575 740 οὐδὲν
620 688 677 739 ἂν
725 688 852 739 ἄλλο

258 778 405 824 ποιεῖν
446 771 531 836 τὴν
574 772 717 823 πόλιν
761 770 789 834 ἦ
836 777 996 833 ταῦτα,
1040 769 1107 820 Ρᾶ
1151 777 1232 822 νῦν
1275 775 1459 822 ποιεῖτε·
1502 768 1772 836 ὑστερίζετε,

259 857 555 913 ἀναλίσκετε,
609 855 701 923 ὅτῳ
764 854 1070 920 παραδώσετε
1128 853 1187 904 τὰ
1236 853 1497 920 πράγματα
1553 862 1569 890 ‘¹
1587 853 1770 919 ζητεῖτε,

478 940 488 955 κ
668 939 678 954 ›
768 936 780 953 t
982 942 991 954 ‚
1049 942 1068 951 Α
1259 940 1270 954 ,
1320 938 1329 953 ‚
1446 937 1466 958 »p
1555 936 1567 954 x
1692 942 1712 950 n

260 943 600 1006 δυσχεραινετε,
653 945 897 1001 αλληλους
947 941 1174 988 αιτιασθε.
1244 942 1314 1006 αφ
1383 945 1468 988 Γου
1519 939 1567 987 δε
1625 958 1771 986 ταυτα

194 1049 244 1090 25
259 1024 467 1089 γίγνεται
519 1021 610 1087 ἐγὼ
653 1019 843 1088 διδάξω,
890 1023 966 1071 καὶ
1009 1020 1134 1075 ὅπως
1178 1020 1412 1072 παύσεται
1457 1020 1598 1088 λε’ξω.
1642 1019 1772 1071 οὐδὲν
1789 1033 1863 1078 137

258 1107 463 1169 πώποτε,
503 1103 539 1156 ὦ
577 1105 741 1171 ἄνδρες
780 1106 1038 1168 Ἀθηναῖοι,
1075 1110 1170 1155 τῶν
1210 1104 1502 1171 πραγμάτων
1537 1104 1593 1172 ἐξ
1627 1105 1774 1171 ἀρχῆς

260 1189 585 1253 ἐνεστήσασθε
624 1188 727 1239 οὐδὲ
767 1188 1186 1239 κατεσκευάσασθε
1225 1191 1388 1255 ὀρθῶς,
1415 1187 1546 1238 ἀλλὰ
1571 1186 1625 1238 τὸ
1651 1209 1774 1249 συμ-

260 1280 425 1336 βαῖνον
464 1275 556 1323 ὃάεὶ
596 1273 794 1335 διώκετε,
831 1270 907 1323 εἶτ’
949 1273 1134 1324 ἐπειδὰν
1176 1274 1190 1300 t
1210 1274 1503 1340 ὑστερίσητε,
1545 1271 1802 1323 παύεσθε·5

261 1359 417 1424 ἕτερον
455 1355 603 1408 πάλιν
645 1355 737 1407 υᾶν
773 1360 941 1424 συμβῇ
977 1379 1037 1415 τι,
1071 1355 1488 1422 παρασκευάζεσθε
1523 1357 1597 1406 καὶ
1629 1358 1767 1421 θορυ-

197 1447 439 1502 ρόβεῖσθε.
482 1439 536 1491 τὸ
563 1442 600 1491 δ’
630 1441 716 1508 οὐχ
748 1441 894 1494 οὕτως
932 1440 1039 1507 ἔχει’
1084 1442 1165 1490 οὐκ
1193 1440 1344 1490 ἔνεστι
1372 1439 1606 1502 βοηθείαις
1644 1461 1772 1505 χρω-

261 1526 426 1589 μένους
471 1523 603 1575 οὐδὲν
647 1529 742 1575 τῶν
788 1524 987 1575 δεόντων
1032 1523 1182 1575 Χποτὲ
1225 1523 1418 1591 πρᾶξαι,
1457 1521 1587 1572 ἀλλὰ
1627 1544 1773 1572 κατα-

263 1609 592 1662 σκευάσαντας
631 1612 702 1659 δεῖ
735 1609 944 1671 δύναμιν,
972 1610 1047 1658 καὶ
1085 1607 1268 1675 τροφὴν
1302 1606 1448 1674 ταύτῃ
1486 1607 1777 1672 πορίσαντας

264 1695 339 1744 καὶ
364 1694 529 1757 ταμίας
566 1701 582 1729 y
602 1694 677 1743 καὶ
704 1693 972 1756 δημοσίους,
1001 1694 1075 1742 καὶ
1103 1691 1230 1744 ὅπως
1268 1691 1332 1741 ε”νι
1370 1689 1456 1753 τὴν
1488 1693 1582 1739 τῶν
1617 1696 1635 1715 ²
1651 1711 1771 1755 χρη-
1794 1709 1830 1731 ¹0

263 1778 424 1840 μάτων
464 1776 684 1845 φυλακὴν
723 1775 1068 1843 ἀκριβεστάτην
1107 1775 1340 1841 γενέσθαι,
1379 1776 1499 1825 οὕτω
1543 1772 1775 1837 ποιήσαν-

265 1884 362 1922 τας,
389 1860 471 1910 τὸν
505 1859 590 1923 μὲν
616 1864 710 1909 τῶν
744 1859 999 1926 χρημάτων
1034 1858 1182 1925 λόγον
1214 1858 1342 1925 παρὰ
1374 1857 1553 1908 τούτων
1578 1854 1774 1920 λαμβά-

267 1967 373 2006 νειν,
406 1943 489 1994 τὸν
528 1943 575 1994 δὲ
613 1947 707 1993 τῶν
746 1943 895 2009 ε”ργων
931 1942 1062 2008 παρὰ
1096 1948 1178 1993 τοῦ
1206 1946 1491 2008 στρατηγοῦ,
1518 1942 1594 1991 καὶ
1632 1942 1774 2004 μηδε-

1239 2025 1257 2043 'X

311 2029 321 2045 Ι
494 2026 504 2041 Ι
766 2032 786 2041 Α
923 2031 942 2040 Α
1015 2026 1039 2044 'l
1392 2023 1403 2042 Ι
1582 2023 1602 2041 s!

265 2051 376 2091 μιαν
414 2032 661 2096 προφασιν
705 2049 787 2076 του
825 2033 964 2077 πλειν
1003 2035 1187 2077 αλλοσε
1234 2051 1262 2090 η
1307 2048 1529 2092 πραττειν
1573 2031 1699 2075 αλ-λο
1735 2047 1780 2075 τι

202 2116 333 2180 37τῴ
383 2115 638 2180 στρατηγῷ
683 2111 991 2161 καταλείπειν.
1055 2110 1113 2162 ἂν
1157 2112 1219 2161 ‘²3'
1268 2112 1388 2161 οὕτω
1433 2108 1660 2173 ποιήσητε
1705 2111 1830 2165 καὶι5

268 2196 389 2246 τοῦτ’
421 2193 437 2220 ¹¹
455 2193 711 2258 ἐθελήσητε
751 2197 846 2246 εὼς
882 2196 1086 2258 ἀληθῶς,
1113 2193 1243 2259 ἄγειν
1270 2193 1453 2260 εἰρήνην
1488 2194 1669 2243 δικαιάν
1706 2194 1782 2243 καὶ

460 2276 579 2303 ’xd

269 2279 420 2343 με’νειν
447 2301 522 2328 επι
598 2281 680 2341 τῆς
707 2279 848 2328 αὑτοῦ
889 2278 1131 2328 Φίλιππον
1164 2276 1472 2343 ἀναγκάσετε,
1501 2275 1528 2341 ὴ
1564 2276 1780 2341 πολεμή-

326 2438 346 2465 k
366 2442 427 2485 ἤδη
447 2453 515 2474 om.
538 2454 588 2486 pr.
611 2442 652 2475 Y.
728 2438 737 2465 l
759 2440 850 2474 ὅσων
870 2441 1002 2475 δέονται
1024 2442 1058 2475 S.
1090 2441 1290 2487 Legebatur
1310 2437 1355 2474 ὧν
1373 2438 1412 2474 ἂν
1432 2439 1584 2474 δέωνται.
1652 2444 1679 2460 ‘¹¹
1697 2438 1781 2472 τᾶλ-

270 2494 332 2539 λα]
354 2495 396 2527 τὰ
415 2495 506 2527 (ina
526 2496 568 2529 A.
601 2495 651 2528 καὶ
671 2490 782 2527 τᾶλλα
803 2494 1013 2528 F.Y.O.u.v.
1123 2500 1138 2515 Π
1159 2493 1341 2528 δ’-οὐδέν
1360 2492 1399 2528 ἂν
1418 2492 1525 2538 ἄλλο]
1548 2491 1575 2525 δ’
1592 2490 1784 2525 {zv—0136&

271 2549 359 2581 ἄλλο
379 2562 435 2592 γρ.
460 2548 495 2581 S.
528 2548 718 2581 δὲ-οἰδέν
737 2549 827 2581 ἄλλο
850 2547 890 2580 Β.
920 2546 961 2580 ἂν
983 2548 1086 2592 plane
1107 2548 1249 2582 omisso.
1405 2552 1423 2569 0
1452 2542 1543 2589 οἶμαι
1563 2546 1629 2579 hoc
1648 2546 1725 2579 loco
1747 2545 1782 2579 S.

272 2601 472 2646 Legebatur
491 2607 572 2635 ante
593 2601 701 2634 οὐδέν.
824 2606 842 2633 Ρ
862 2598 882 2633 ἃ
903 2603 960 2634 νῦν
979 2602 1104 2634 ποιεῖτε
1125 2613 1194 2634 om.
1217 2600 1303 2635 F.Y.
1325 2606 1359 2634 et
1378 2612 1432 2645 pr.
1456 2599 1491 2633 S.
1617 2606 1637 2634 (1
1658 2600 1784 2642 ζητεῖτε

272 2666 342 2687 om.
366 2655 409 2688 A.
432 2653 467 2686 in
489 2655 645 2699 margine
666 2654 797 2687 habent
817 2666 884 2687 rec.
909 2654 989 2687 SX.
1102 2660 1117 2678 1·
1137 2653 1176 2687 οὗ
1199 2654 1232 2687 S.
1264 2653 1463 2699 Legebatur
1483 2651 1574 2685 ὅτου.
1677 2656 1692 2676 S
1711 2651 1779 2697 ἀεὶ]

272 2707 335 2740 alei
357 2707 392 2740 S.
497 2706 510 2730 t
531 2707 751 2752 ὑστερίσητε]
777 2706 988 2751 ὑστερὴσητε
1010 2707 1097 2742 F.Y.
1191 2713 1211 2731 ¹¹
1231 2705 1271 2740 ἂν
1292 2707 1326 2741 S.
1358 2707 1414 2740 ἐὰν
1432 2706 1549 2751 vulgo.
1645 2712 1660 2730 Χ
1682 2704 1782 2749 ποτέ]

272 2761 410 2793 πώποτε
431 2759 641 2795 F.Y.O.u.v.
727 2766 745 2792 Y
764 2761 817 2794 καὶ
837 2772 906 2793 om.
928 2760 1009 2794 ΟΧ.
1041 2760 1144 2794 Conf.
1167 2760 1212 2794 ad
1231 2772 1264 2805 p.
1292 2770 1376 2800 101,
1403 2771 1460 2806 15.
1546 2763 1563 2782 Ζ
1583 2756 1780 2804 χρημάτων]

273 2814 479 2857 πραγμάτων
501 2813 535 2847 S.
669 2818 687 2837 a
707 2812 735 2847 δ’
755 2825 824 2847 om.
846 2825 914 2847 u.v.
1044 2812 1061 2835 b
1082 2813 1285 2859 ἐθελήσητε]
1311 2812 1440 2856 ἕλησθε
1459 2826 1514 2858 γρ.
1535 2811 1577 2845 Y.
1707 2816 1723 2835 ⁰
1743 2810 1787 2845 ὣς

273 2877 343 2900 om.
367 2866 403 2899 S.
562 2863 581 2890 d
610 2868 668 2910 τῆς
688 2866 811 2912 αὑτοῦ]
836 2869 895 2901 τοῦ
915 2867 1021 2900 τόπου
1043 2866 1079 2901 S.
1103 2866 1179 2912 (qui
1203 2867 1385 2912 vulgatum
1413 2866 1451 2900 'm
1478 2878 1532 2911 γρ.
1553 2864 1686 2909 habet.)
1715 2864 1786 2898 τοῖς

274 2950 377 2984 αὑτοῦ
398 2951 442 2985 Ο.
474 2928 539 2995 τῧιςς
551 2952 656 2986 αὑτοῦ
675 2965 707 2987 v.
