1903 3271
242 163 326 204 456
776 165 1204 204 ΔΗΜΟΣΘΕΝΟὙΣ
1352 163 1433 202 On.
1453 161 1593 200 XIX.
1616 176 1656 216 p.
1671 174 1769 214 431,
1787 175 1822 201 ia

702 282 722 290 Α

241 276 599 342 Θρασυβούλου
641 299 723 326 του
762 280 1041 340 Υδημοτικοῦ
1080 281 1194 325 εζτοῡ
1239 276 1332 326 ἀπὸ
1378 277 1541 338 Φυλῆς
1580 276 1752 325 ῐκατοι-

144 359 471 426 321γαγόντος
527 358 609 411 τὸν
667 363 827 424 δῆμον,
879 359 1093 410 τάλαντα
1149 358 1257 408 δέκα
1310 358 1631 426 “ὠφληκε’ναι,
1683 360 1758 408 καὶ

240 442 359 493 Χτὸν
418 446 500 512 ἀφ’
555 444 811 509 Ἀρμόδιου
865 447 975 493 Υκαὶ
1031 442 1450 507 Ἀριστογείτονος,
1512 445 1641 490 Ζτῶν
1699 440 1806 500 τὰι5

238 526 420 592 μέγιστ’
466 525 623 592 ἀγαθὰ
671 528 824 588 Ἇὺμᾶς
874 525 1210 591 εἰργασμένων,
1254 524 1331 577 οὓς
1382 522 1510 592 νόμῳ
1554 522 1631 574 διὰ
1674 523 1758 578 τὰς

239 611 520 676 εὐεργεσίας,
555 607 608 662 ἂς
651 608 866 677 ὑπῆρξαν
909 612 971 661 εὶς
1006 606 1025 634 ¹³
1044 610 1174 671 ὑμᾶς,
1213 610 1260 657 ἐν
1298 606 1450 658 ἅπασι
1489 612 1584 660 τοῖς
1624 611 1758 674 ἱεροῖς

238 696 312 746 ἐπὶ
344 700 444 747 ταῖς
479 694 663 746 θυσίαις
696 696 918 743 σπονδῶν
945 695 1020 742 καὶ
1048 691 1291 758 κρατήρων
1318 691 1564 745 κοινωνοὺς
1588 693 1753 742 πεποί-

239 782 359 842 ησθε
394 779 469 828 καὶ
506 775 637 845 ᾄδετε
679 778 755 826 καὶ
796 781 958 839 τιμᾶτε
992 777 1048 844 ἐξ
1079 776 1188 826 ’ίσου
1221 781 1316 829 τοῖς
1354 776 1506 842 ἥρωσι
1546 777 1621 826 καὶ
1664 781 1759 830 τοῖς
1771 805 1810 828 20

240 866 373 923 θεοῖς,
401 860 592 914 τούτους
627 859 711 923 μὲν
736 859 944 913 οπάντας
977 859 1063 923 τὴν
1097 862 1147 910 ἐκ
1184 864 1278 909 τῶν
1309 859 1464 922 νόμιον
1498 860 1629 923 δίκην
1664 861 1755 910 ὑπ-

142 965 225 1008 322
239 944 500 1012 εσχηκέναι,
537 947 611 995 καὶ
651 942 769 1008 μήτε
804 945 1097 1009 συγγνώμην
1137 943 1243 1007 μήτ’
1279 943 1412 994 ἔλεον
1447 943 1562 1007 μήτε
1597 943 1760 994 παιδία

238 1028 475 1080 ἀκλάοντα
506 1028 731 1092 ὁμώνυμα
761 1032 856 1078 τῶν
887 1029 1138 1093 εὐεργετῶν
1172 1026 1275 1091 μήτ’
1303 1027 1456 1078 θὸίλλο
1491 1025 1637 1091 μηδὲν
1670 1028 1754 1077 αὑ·

236 1113 342 1167 τοὺς
377 1112 706 1182 Ῐώφεληκέναι,
739 1111 821 1163 τὸν
857 1111 904 1163 δὲ
939 1111 1236 1178 Ἀτρομήτου
1273 1116 1356 1163 τοῦ
1394 1117 1758 1178 γραμματιστοῦ

236 1199 313 1248 καὶ
353 1197 652 1250 Γλαυκοθέας
690 1199 774 1261 τῆς
811 1195 920 1250 τοὺς
958 1195 1154 1250 θιάσους
1193 1195 1544 1261 3συναγούσης,
1583 1196 1655 1263 ἐφ’
1690 1194 1758 1250 οἷς
1770 1222 1807 1255 25

236 1282 369 1348 ἑτέρα
412 1282 630 1346 τέθνηκεν
676 1281 826 1348 ἱέρεια,
871 1287 1038 1332 τοῦτον
1083 1283 1209 1345 ὑμεῖς
1256 1281 1500 1342 λαβόντες,
1539 1278 1622 1330 τὸν
1665 1285 1759 1331 τῶν

236 1366 472 1429 τοιούτων,
499 1366 582 1417 τὸν
609 1366 712 1417 οὐδὲ
743 1368 843 1417 καθ’
873 1365 921 1417 ἓν
953 1366 1190 1433 χρήσιμον
1225 1371 1283 1434 τῇ
1317 1366 1469 1428 πόλει,
1497 1366 1578 1415 οὑκ
1605 1364 1760 1428 αὑτὸν,

141 1473 223 1516 323
237 1453 290 1502 οὑ
315 1453 507 1518 πατέρα,
529 1453 611 1502 οὑκ
638 1452 792 1502 ἄλλον
818 1451 983 1502 οὐδένα
1007 1456 1101 1501 τῶν
1127 1450 1292 1502 τούτου
1318 1449 1588 1518 ὴάφήσετες
1627 1454 1760 1502 ποῖος

236 1535 330 1603 γὰρ
375 1536 531 1599 ἵππος,
572 1538 686 1587 ποία
735 1534 939 1602 τριήρης,
984 1536 1097 1586 ποία
1142 1534 1406 1602 ἰστρατεία,
1452 1534 1521 1588 τίς
1565 1532 1585 1559 k
1603 1533 1852 1603 χορὸς,432

1338 1617 1350 1645 1

237 1621 307 1674 τίς
344 1621 626 1686 λειτουργία,
664 1621 731 1673 τίς
770 1619 987 1688 εἰσφορὰ,
1026 1620 1094 1672 τίς
1135 1621 1299 1681 εὔνοια,
1364 1623 1497 1671 ποῖος
1536 1619 1759 1681 κίνδυνος,

1555 1703 1568 1720 Χ

237 1707 286 1757 τί
324 1706 550 1757 ῙῘΙτούτων
588 1708 670 1756 Πέν
707 1708 848 1757 παντὶ
893 1709 994 1774 0τῷ
1037 1704 1192 1774 χρόνῳ
1235 1705 1400 1771 γέγονε
1444 1727 1574 1769 παρα
1617 1703 1759 1755 Prov'-

236 1811 331 1840 των
381 1793 439 1857 τῇ
489 1788 661 1851 πόλει;
724 1790 872 1840 καίτοι
923 1788 1010 1839 κᾶν
1061 1793 1096 1839 εἱ
1148 1795 1296 1839 ταῦτα
1345 1787 1483 1840 πάνθ’
1534 1789 1756 1855 ὑπῆρχεν,

292 1963 307 1982 Γ
327 1957 526 2004 δημοτικοῦ]
552 1958 734 2001 δημοτικοῦ
754 1958 826 1991 υἱὸν
847 1957 1120 1996 F.Q.O.r.t.u.v.
1252 1962 1268 1982 S
1287 1957 1365 2003 τοῦ]
1391 1957 1592 2003 Legebatur
1610 1958 1663 1991 καὶ
1682 1961 1755 1993 τοῦ.

238 2012 250 2036 ἵ
271 2025 389 2056 καταγ.
410 2012 470 2045 τὸν
489 2011 612 2057 δῆμον]
636 2012 697 2044 τὸν
716 2011 821 2054 δῆμον
841 2026 957 2057 καταγ.
977 2024 1006 2045 r.
1199 2018 1219 2036 Π
1241 2011 1452 2058 ὠφληκέναι]
1478 2012 1689 2057 ὠφεληκέναι
1710 2011 1755 2047 Ο.

237 2069 258 2088 Χ
277 2064 354 2110 τὸν]
379 2067 446 2098 τῶν
465 2064 663 2100 Y.O.t.u.v.
684 2065 780 2110 quod
799 2065 948 2099 Wolfius
968 2065 1219 2110 interpretatur
1238 2065 1328 2099 τινὰς
1349 2068 1427 2098 τῶν.
1555 2071 1574 2098 Y
1594 2066 1647 2099 καὶ
1665 2063 1757 2111 Ἀρι-

238 2118 456 2164 στογείτονος
475 2130 546 2153 om.
571 2118 680 2153 A.k.s.
702 2124 737 2152 et
756 2131 809 2164 pr.
832 2119 867 2152 S.
890 2119 941 2162 (in
961 2131 1031 2164 quo
1051 2131 1176 2152 manus
1196 2119 1341 2164 antiqua
1360 2118 1549 2164 supplevit)
1570 2118 1758 2154 manifesto

237 2183 353 2205 errore
381 2172 523 2206 librarii.
581 2172 673 2206 Nam
701 2172 766 2206 etsi
793 2173 876 2206 satis
902 2179 976 2207 erat
996 2172 1230 2206 Harmodium
1253 2171 1438 2211 nominari,
1460 2178 1499 2206 ut
1521 2172 1604 2206 fecit
1623 2172 1757 2206 Aristo-

236 2225 371 2270 phanes
392 2225 511 2271 Equit.
536 2224 624 2272 786.
650 2228 722 2267 μῶν
745 2226 882 2271 ἔκγονος
908 2222 941 2259 εἶ
963 2229 1030 2259 τῶν
1047 2225 1230 2271 “Αρμοδίου
1249 2240 1300 2260 τις
1320 2226 1473 2266 ἐκείνων;
1506 2226 1566 2259 ubi
1585 2225 1757 2272 Aristogi-

236 2279 330 2312 tonis
349 2291 480 2313 nomen
500 2279 676 2325 supplevit
696 2279 893 2320 scholiasta,
915 2280 1193 2313 Demosthenem
1207 2285 1326 2313 tamen
1343 2285 1530 2325 utrumque
1545 2279 1756 2320 nominasse,

236 2332 381 2378 pluralis
406 2333 544 2366 numeri
570 2345 655 2366 usus
681 2333 797 2378 arguit
823 2333 1178 2379 τῶν-εἰργασμένων
1201 2338 1236 2366 et
1260 2345 1337 2378 quae
1364 2338 1572 2378 sequuntur.
1621 2333 1757 2367 Eodem

238 2386 344 2419 modo
364 2386 400 2419 in
420 2387 461 2420 A.
484 2399 536 2431 pr.
556 2387 592 2420 S.
611 2391 646 2420 et
666 2387 700 2420 k.
721 2392 905 2431 peecatum
925 2399 960 2432 p.
977 2385 1066 2431 462,
1086 2397 1144 2433 19.
1165 2387 1225 2420 ubi
1245 2393 1441 2420 ceterorum
1461 2387 1628 2421 librorum
1650 2387 1757 2432 scrip-

237 2444 317 2473 tura
346 2440 430 2473 satis
453 2439 653 2473 defenditur
673 2445 841 2485 quattuor
860 2441 936 2474 aliis
960 2441 1117 2484 ejusdem
1137 2440 1305 2473 orationis
1331 2440 1416 2473 locis
1442 2453 1477 2486 p.
1496 2439 1586 2485 466,
1602 2451 1639 2488 9.
1665 2450 1757 2486 495,

243 2502 302 2537 19.
324 2491 414 2540 496,
433 2504 445 2527 1
458 2504 492 2539 5.
516 2493 606 2540 506,
623 2502 657 2538 7.
762 2499 779 2517 Ζ
800 2496 867 2526 τῶν
888 2494 1131 2527 Marklandus.
1168 2494 1367 2539 Legebatur
1388 2494 1441 2527 καὶ
1460 2496 1538 2527 τῶν.
1637 2499 1656 2518 a
1675 2493 1760 2537 ὑμᾶς

238 2546 470 2592 εἰργασμένων
489 2553 666 2581 correctus
686 2547 720 2580 k.
761 2546 846 2590 ἡμᾶς
866 2547 1097 2594 εἰργασμένων
1118 2547 1277 2586 S.Y.Q.r.
1314 2547 1396 2590 ἡμᾶς
1418 2547 1658 2592 ἐργασαμένων
1678 2547 1755 2582 O.t.

237 2612 308 2634 u.v.
340 2600 579 2645 ἐργασαμένων
600 2601 683 2644 ὑμᾶς
702 2601 819 2646 vulgo.
851 2601 1095 2646 εἰργασμένων,
1113 2601 1243 2634 omisso
1263 2601 1484 2646 pronomine,
1501 2601 1544 2635 A.
1635 2597 1654 2625 b
1676 2600 1760 2644 ὑμᾶς

237 2653 383 2687 A.k.r.s.
415 2653 499 2697 ἡμᾶς
518 2654 638 2699 vulgo.
751 2659 767 2678 C
786 2654 931 2700 πάντας]
956 2653 1105 2688 ἅπαντας
1125 2655 1266 2688 A.k.r.s.
1373 2650 1392 2678 d
1412 2653 1574 2700 κλάοντα]
1600 2654 1759 2688 κλαίοντα

237 2707 319 2740 A.S.
395 2713 410 2731 e
431 2707 537 2753 ἄλλο]
562 2708 660 2741 ι’ἱλλω
681 2708 714 2741 k.
800 2704 815 2731 f
832 2707 1060 2754 ὠφεληκέναι]
1085 2708 1279 2751 ὠφληκέναι
1298 2713 1394 2741 r.t.u.
1480 2713 1500 2740 g
1520 2706 1754 2753 συναγούσης]

238 2759 502 2805 συναγαγούσης
523 2760 604 2795 O.k.
725 2758 742 2786 1¹
764 2760 918 2805 ἀφήσετε
940 2773 1046 2806 supra
1066 2766 1145 2806 post
1168 2761 1258 2802 ὑμεῖς
1277 2762 1443 2802 λαβόντες
1462 2766 1600 2806 ponunt
1619 2761 1757 2795 A.k.S.:

239 2813 426 2859 utrobique
446 2814 551 2848 habet
571 2827 597 2848 r.
682 2811 690 2838 i
713 2814 890 2859 στρατεία]
915 2828 1059 2859 στρατια
1082 2815 1116 2848 S.
1156 2814 1285 2848 Addita
1300 2815 1406 2860 vulgo
1423 2812 1505 2848 ποία
1525 2815 1668 2859 χορηγία
1687 2826 1758 2849 om.

241 2866 324 2900 S.Y.
447 2864 466 2891 k
488 2868 608 2913 χορὸς]
633 2868 781 2913 χορηγὸς
802 2867 1074 2906 F.Q.O.1·.t.u.v.
1204 2865 1212 2892 Ῑ
1233 2869 1329 2903 ποῖος
1349 2867 1516 2912 κίνδυνος]
1540 2868 1590 2902 τίς
1610 2867 1760 2903 κίνδυνος

238 2920 351 2955 A.k.s.
377 2922 469 2954 ποῖοι
489 2921 634 2954 κίνδυνοι
653 2921 727 2955 Y.r.
842 2926 865 2940 ¹¹⁸
888 2920 1033 2967 τούτων]
1056 2923 1124 2954 τῶν
1144 2921 1259 2955 A.k.S.
1387 2927 1406 2945 Π
1427 2921 1462 2955 ἐν
1483 2921 1518 2954 S.
1560 2920 1760 2966 Legebatur

237 2972 392 3007 ἁπάντων
413 2974 563 3017 (πάντων
582 2975 710 3018 A.k.s.)
732 2974 778 3009 ε’ν,
864 2980 882 2998 ⁰
902 2977 949 3022 τῷ
969 2987 1038 3009 om.
1062 2974 1106 3008 Ο.
1194 2980 1213 3007 P
1233 2973 1380 3020 τούτων]
1404 2973 1528 3008 τούτου
1548 2974 1576 3007 Α
1594 2974 1690 3008 k.r.S.
