1930 3266
215 542 269 595 89

211 1059 267 1100 90

207 1464 258 1505 91

1902 62 1921 82 (ι

287 178 372 220 262
831 181 1260 220 ΔΗΜΟΣΘΕΝΟΎΣ
1375 179 1451 217 oa.
1473 177 1654 218 XVIII.
1678 193 1716 232 p.
1734 190 1831 230 249,
1846 195 1920 220 3-

285 315 425 353 μενον
450 291 630 346 πάντας
656 292 930 357 ἀνθρώπους
961 293 1132 342 ἐκεῖνον
1162 291 1489 355 ἠναντιούμην,
1516 293 1591 341 καὶ
1622 291 1799 355 προλέ-

283 398 384 440 γων
418 379 494 426 καὶ
530 374 766 426 διδάσκων
802 375 866 438 μὴ
899 374 1180 441 ιΙπροΐεσθαι
1212 381 1392 425 Χταῦτα
1424 375 1651 443 Φιλίππῳ
1678 378 1796 424 Υδιε-

283 458 464 510 τέλουν.

439 544 452 560 x
526 541 538 557 x
637 541 649 557 x
736 545 745 558 a
793 540 805 556 t
953 546 963 563 2
1004 543 1013 556 2
1066 545 1085 554 a
1190 539 1211 557 ,ι
1402 540 1413 556 x
1547 546 1564 555 ,-
1730 540 1742 556 x

360 546 454 592 Καί
479 565 573 605 μην
599 564 685 605 TUI!
711 564 894 606 Εἰρηνην
918 563 950 605 γ
991 563 1158 594 ΕΚΕίνΟς
1190 549 1336 591 ἔλυσε
1362 563 1420 591 Ta
1445 547 1590 591 πλΟία
1619 546 1828 602 λαβων,5

322 626 333 640 9
423 626 433 640 C
532 625 542 639 Ι
725 629 734 642 9
819 624 828 640 Ι
1029 625 1041 641 Ι
1188 625 1198 639 9
1284 625 1294 639 5
1339 623 1352 640 Χ
1440 623 1452 640 Χ
1629 625 1639 642 Ι

281 648 370 692 ουχ
407 649 435 689 η
480 632 634 687 πολις,
676 629 898 691 Αισχινη.
967 628 1086 689 Φερε
1127 627 1188 674 Ζδ
1240 647 1358 674 αυτα
1400 647 1458 674 τα
1503 628 1800 691 ψηφισματα

281 713 357 759 καὶ
392 708 478 772 τὴν
512 706 772 771 ἐπιστολὴν
797 707 917 771 ὃτὴν
951 712 1034 757 τοῦ
1070 708 1326 769 Φιλίππου,
1354 709 1428 757 καὶ
1463 707 1572 772 λέγε
1608 708 1795 776 ἐφεξῆς·

279 792 375 843 ἀπὸ
421 792 514 857 γὰρ
560 792 739 842 τούτων
785 790 1160 859 ὒέξεταζομένων
1209 791 1278 843 τίς
1328 791 1451 843 τίνος
1501 788 1644 844 αἴτιός
1696 793 1800 842 ἐστι

279 875 530 940 γενήσεται
557 872 776 942 φανερόν.
833 880 849 900 ⁶
865 874 988 938 λέγε.

893 977 1183 1018 ΨΗΦΙΣΜΑ.
1815 991 1852 1012 ¹0

392 1049 484 1090 Ἐπὶ
529 1050 720 1102 ἄρχοντος
765 1049 1003 1094 Νεοκλέους,
1051 1048 1172 1098 μηνὸς
1215 1051 1516 1099 βοηδρομιῶνος,
1559 1047 1800 1098 ᾱέκκλησίας

336 1116 558 1168 συγκλήτου
610 1116 683 1156 ὑπὸ
731 1119 999 1167 θστρατηγῶν,
1048 1117 1255 1164 Εὔβουλος
1304 1114 1531 1165 Μνησιθέου
1578 1115 1800 1166 ἷΚόπρειος

337 1183 459 1229 εἶπεν,
498 1182 630 1232 ἐπειδὴ
667 1182 995 1234 ἶἔπροσήγγειλαν
1036 1183 1073 1222 οῖ
1113 1182 1324 1234 στρατηγοὶ
1362 1184 1405 1222 ἐν
1442 1182 1483 1232 τῇ
1526 1183 1713 1236 ἐκκλησίᾳ
1749 1183 1799 1224 ὡς

333 1250 441 1303 11ἄρα
471 1250 738 1302 Λεωδάμαντα
769 1251 838 1291 τὸν
870 1252 1068 1303 ναύαρχον
1100 1250 1161 1290 καὶ
1191 1252 1239 1290 τὰ
1268 1248 1348 1300 μετ’
1373 1249 1490 1289 αὐτοῦ
1519 1249 1797 1290 ἁποσταλέντα
1813 1268 1848 1298 15

335 1318 468 1370 σκάφη
492 1317 666 1358 Ῑεῖκοσιν
692 1319 755 1358 ἐπὶ
785 1318 856 1369 τὴν
885 1322 951 1358 τοῦ
984 1318 1094 1357 σίτου
1123 1318 1386 1369 παραπομπὴν
1415 1319 1468 1360 εἷς
1493 1315 1798 1368 Ἑλλήσποντον

334 1387 355 1424 ὁ
390 1387 496 1437 παρὰ
532 1387 732 1426 Φιλίππου
772 1385 991 1438 στρατηγὸς
1025 1384 1220 1436 Ἀμύντας
1254 1384 1534 1438 Ιὶκαταγήοχεν
1572 1386 1625 1427 εἰς
1662 1388 1796 1425 Μακε-

334 1454 471 1492 δονίαν
509 1453 571 1492 καὶ
606 1451 674 1492 Ῑέν
711 1454 869 1507 φυλακῇ
907 1452 1002 1505 ἔχει,
1043 1453 1323 1503 ἐπιμεληθῆναι
1362 1452 1450 1494 τοὺς
1489 1451 1695 1504 πρυτάνεις
1735 1452 1798 1492 καὶ

333 1521 422 1563 τοὺς
451 1521 691 1572 στρατηγοὺς
718 1521 822 1563 ὅπως
849 1521 872 1570 ἡ
896 1519 1026 1570 βουλὴ
1047 1522 1317 1572 111συναχθῶσι
1346 1519 1408 1559 καὶ
1435 1520 1620 1569 αἱρεθῶσι
1642 1518 1796 1571 ῃπρέσ-
1809 1537 1849 1560 20

332 1592 420 1639 βεις
450 1587 542 1639 πρὸς
578 1589 820 1634 ΟΦίλιππον,
857 1588 1026 1629 Ροῖτινες
1060 1588 1374 1639 παραγενόμενοι
1415 1586 1661 1637 διαλέξονται
1700 1587 1797 1639 πρὸς

334 1654 453 1694 αὐτὸν
489 1655 573 1706 περὶ
603 1658 670 1694 τοῦ
703 1655 898 1706 ἀφεθῆναι
928 1654 1029 1694 (Ιτὸν
1060 1656 1258 1707 ναύαρχον
1290 1654 1351 1694 καὶ
1384 1656 1431 1694 τὰ
1463 1658 1585 1694 πλοῖα
1616 1656 1678 1695 καὶ
1712 1655 1797 1698 τοὺς

332 1723 611 1774 ι“στρατιώτας.
661 1723 723 1762 καὶ
757 1724 791 1762 εἰ
825 1723 898 1773 μὲν
931 1721 976 1762 δι’
1010 1722 1175 1774 ἄγνοιαν
1204 1724 1324 1761 ταῦτα
1359 1722 1571 1772 πεποίηκεν
1603 1724 1623 1762 ὁ
1653 1723 1797 1772 Ἀμύν-

331 1807 411 1836 τας,
454 1791 539 1830 ςὸτι
579 1790 624 1830 οὐ
667 1793 928 1842 μεμψιμοιρεῖ
965 1791 985 1829 ὁ
1029 1791 1145 1839 δῆμος
1184 1789 1322 1829 ἵοῦδὲν
1361 1789 1507 1842 “αὐτῷ·
1559 1791 1628 1829 Χεί
1672 1789 1716 1829 δέ
1757 1806 1844 1839 n25

330 1860 638 1908 πλημμελοῦντα
674 1859 812 1908 Υπαρὰ
851 1858 899 1896 τὰ
939 1855 1216 1907 ἐπεσταλμένα
1255 1856 1410 1906 λαβὼν,
1447 1856 1506 1896 ὅτι
1542 1857 1793 1909 Ζέπισκεψά-

329 1941 441 1975 μενοι
468 1922 672 1974 Ἀθηναῖοι
703 1923 1004 1974 ἣέπιτιμήσουσι
1035 1925 1131 1964 κατὰ
1158 1923 1228 1973 τὴν
1258 1926 1323 1973 τῆς
1350 1925 1558 1975 ὀλιγωρίας
1586 1925 1713 1975 ἀξίαν.
1761 1927 1795 1966 εἰ

327 2075 348 2094 U
367 2067 565 2116 προΐεσθαι]
590 2070 758 2116 προέσθαι
777 2069 941 2104 A.O.k.S.
1027 2075 1047 2094 Χ
1066 2071 1171 2104 ταῦτα
1191 2069 1350 2116 Φιλίππῳ
1370 2081 1439 2104 om.
1458 2069 1494 2103 S.
1580 2074 1599 2102 Y
1619 2068 1792 2102 διετέλουν

271 2134 342 2157 om.
365 2123 607 2158 F.Y.O.t.u.v.
732 2129 749 2147 Ζ
771 2122 799 2157 δ’
820 2124 863 2157 Α.
895 2123 931 2157 δὲ
954 2123 1057 2157 S.k.s.
1087 2123 1128 2166 δὴ
1147 2123 1265 2167 vulgo.
1388 2127 1407 2147 ²³
1425 2122 1486 2166 τὴν
1505 2124 1565 2155 τοῦ
1585 2133 1655 2156 om.
1676 2121 1790 2155 A.k.s.

270 2175 332 2219 τὴν
351 2188 419 2209 om.
441 2188 477 2221 p.
589 2172 608 2201 b
629 2177 874 2221 ἐξεταζομένων
894 2176 929 2209 in
950 2176 1106 2222 margine
1126 2188 1194 2210 rec.
1218 2176 1252 2209 S.
1364 2180 1380 2200 C
1400 2176 1480 2220 λέγε
1501 2187 1569 2209 om.
1592 2174 1790 2220 F.S.Y.p.r.

270 2225 290 2252 d
311 2229 490 2272 ἐκκλησίας
509 2229 723 2274 συγκλήτου]
747 2227 910 2272 ἐκκλησία
929 2227 1123 2274 σύγκλητος
1145 2229 1180 2263 S.
1304 2234 1319 2253 e
1340 2232 1540 2274 στρατηγῶν
1561 2227 1789 2267 F.S.Y.Q.O.

269 2287 370 2316 t.u.v.
404 2282 605 2328 Legebatur
624 2285 826 2328 στρατηγῶν
847 2282 1087 2326 συναχθείσης.
1118 2282 1223 2316 Conf.
1242 2282 1286 2315 ad
1306 2294 1339 2327 p.
1352 2281 1485 2326 238,3.
1571 2279 1586 2306 f
1604 2279 1786 2327 Κόπρειος]

269 2336 408 2379 κόπριος
429 2336 556 2374 F.S.Q.
598 2336 797 2381 Legebatur
817 2336 978 2380 Κύπριος.
1034 2335 1187 2369 Restitui
1207 2336 1479 2381 diphthongum,
1499 2347 1604 2380 quam
1630 2335 1789 2380 praebent

268 2387 526 2434 inscriptiones,
543 2401 690 2434 quarum
711 2389 871 2434 exempla
889 2388 968 2422 vide
988 2401 1043 2434 ap.
1062 2389 1217 2422 Boeckh.
1235 2389 1303 2423 vol.
1320 2388 1349 2422 I.
1371 2400 1405 2433 p.
1423 2388 1510 2422 216.
1527 2399 1615 2435 309.
1653 2388 1787 2422 Eadem

267 2458 467 2503 corruptela
486 2471 541 2503 ap.
565 2458 703 2492 Isaeum
723 2470 759 2504 p.
776 2456 838 2504 38,
857 2465 891 2504 7.
915 2468 976 2503 54,
995 2468 1055 2505 29.
1196 2464 1216 2490 g
1236 2456 1509 2503 προσήγγειλαν]
1535 2449 1787 2502 προσηγγειλῗν

270 2510 319 2550 S.‚
338 2525 356 2543 ο
377 2523 396 2544 a
415 2523 463 2545 In.
486 2523 554 2545 sec.
639 2508 659 2535 h
680 2511 744 2556 ἄρα
764 2523 832 2545 om.
851 2510 1115 2546 A.O.k.s.t.u.v.
1200 2508 1209 2534 i
1230 2510 1375 2555 εἴκοσιν]
1399 2509 1507 2544 ε’ίκοσι
1529 2510 1566 2545 S.
1647 2506 1667 2534 k
1687 2524 1786 2543 κατα-

267 2563 409 2609 γήοχεν]
435 2562 652 2610 καταγείοχεν
673 2564 708 2598 S.
832 2561 842 2588 Ῑ
863 2565 898 2598 ἐν
917 2566 1052 2609 φυλακῇ
1074 2564 1161 2609 ἔχει]
1187 2565 1256 2608 ἔχει
1276 2565 1310 2598 ἐν
1330 2565 1467 2608 φυλακῇ
1487 2569 1513 2597 t.
1630 2568 1658 2587 m
1680 2576 1784 2596 συνα-

265 2617 397 2662 χθῶσι]
423 2618 578 2662 συναχθῇ
598 2618 783 2663 A.k.p.r.S.
889 2623 907 2641 u
928 2617 1110 2662 πρέσβεις]
1135 2618 1300 2661 πρέσβεις
1320 2614 1351 2650 οἳ
1371 2617 1450 2662 Y.p.
1553 2621 1571 2641 ⁰
1591 2615 1779 2662 Φίλιππον]

267 2670 327 2702 τὸν
347 2671 520 2714 φίλιππον
539 2671 574 2704 k.
714 2676 732 2703 Ι)
752 2669 873 2705 οἵτινες
892 2671 1037 2705 A.k.r.S.
1059 2683 1127 2704 om.
1152 2670 1318 2715 S.Y.Q.p.
1349 2668 1384 2703 οἵ
1400 2670 1517 2715 vulgo.
1665 2675 1684 2701 (1
1704 2669 1781 2714 τὸν]

266 2724 327 2756 τόν
346 2737 383 2756 τε
402 2724 584 2769 A.k.p.1·.s.
659 2729 674 2748 Γ
694 2724 922 2770 στρατιώτας]
948 2724 1160 2769 στρατηγοὺς
1182 2723 1361 2762 F.S.Y.Q.
1379 2729 1413 2757 et
1432 2737 1488 2768 γρ.
1510 2734 1540 2757 r.
1616 2727 1631 2747 S
1652 2721 1704 2755 ὅτι
1723 2722 1780 2768 οὐ]

265 2776 301 2808 τί
319 2776 358 2810 οὐ
379 2776 499 2815 F.Q.t.
531 2791 563 2810 τι
583 2791 642 2810 ουν
663 2777 780 2811 S.Y.v.
813 2776 865 2810 ὅτι
885 2777 962 2810 οὐδὲ
982 2778 1163 2822 A.k.p.r.S.
1185 2783 1221 2811 et
1240 2791 1295 2822 γρ.
1317 2789 1348 2810 V.
1379 2776 1431 2809 ὅτι
1451 2776 1532 2810 O.u.
1654 2773 1668 2799 t
1688 2775 1786 2809 οὐδὲν

266 2840 336 2862 om.
357 2830 471 2863 A.k.s.
597 2836 619 2855 u
637 2830 726 2877 αὐτῷ
745 2836 826 2864 ante
846 2831 863 2863 ὁ
885 2830 988 2873 δῆμος
1007 2836 1145 2875 ponunt
1165 2831 1310 2864 A.k.r.s.
1331 2835 1366 2863 et
1385 2844 1440 2875 γρ.
1461 2841 1495 2863 v.
1520 2840 1590 2862 om.
1613 2828 1650 2863 S.
1682 2829 1786 2862 αὐτοῦ

267 2881 349 2916 ΟΝ.
450 2888 469 2907 Χ
490 2883 518 2917 εἷ
538 2882 578 2916 δέ
593 2882 643 2928 τι]
668 2883 779 2917 ουδέτι
801 2883 977 2921 F.S.Y.Q.
1077 2889 1095 2916 Y
1114 2884 1204 2928 παρὰ
1224 2895 1293 2917 om.
1312 2882 1357 2917 Ο.
1456 2887 1473 2906 ²
1494 2880 1781 2927 ἐπισκεψάμενοι]

265 2935 479 2979 σκεψάμενοι
500 2936 619 2972 O.u.v.
732 2942 751 2961 a
769 2935 1028 2982 ἐπιτιμήσουσι]
1054 2935 1284 2981 ἐπιτιμήσωσι
1303 2936 1383 2970 A.k.
