1882 3250
807 327 871 372 ΙΙ.

507 464 1049 517 ΟΛΤΝΘΙΑΚΟΣ
1101 465 1170 517 Β.

725 705 962 735 ΥΠΟΘΕΣΙΣ.

138 783 362 829 Προσὴκαντο
389 785 480 827 Ομέν
508 784 568 827 τὴν
592 785 781 829 πρεσβείαν
811 789 878 820 τῶν
905 785 1094 821 Ὀλυνθίων
1119 788 1150 820 οἱ
1175 785 1357 829 Ἀθηναῖοι,
1383 786 1436 820 καὶ
1460 787 1599 830 βοηθεῖν

84 848 197 882 αὐτοῖς
224 845 406 893 κεκρίκασι·
436 846 606 891 μέλλουσι
632 849 669 882 δέ
694 850 771 894 περὶ
799 850 860 893 τὴν
884 850 1003 893 ἔξοδον
1030 851 1082 883 καὶ
1101 850 1252 883 δεδιόσιν
1271 849 1315 884 ὡς
1335 849 1598 894 δυσπολεμήτου

86 918 106 947 Ρ
121 911 219 946 ὄντος
246 914 307 945 τοῦ
333 912 516 951 Φιλίππου,
538 913 718 957 παρελθὼν
737 914 755 946 ὁ
775 914 993 957 Δημοσθένης
1019 915 1175 958 πειρᾶται
1199 912 1379 958 θαρσύνειν
1398 915 1458 947 τὸν
1477 915 1595 958 δῆμον,
1610 919 1626 950 5

85 975 269 1010 ἐπιδεικνὺς
296 975 339 1011 ὡς
368 980 382 1002 ‘¹
398 977 522 1020 ἀσθενῆ
549 978 591 1010 τὰ
610 979 670 1010 τοῦ
698 978 891 1012 Μακεδόνος
915 978 1107 1023 πράγματα.
1137 978 1189 1011 καὶ
1214 978 1279 1023 γὰρ
1306 980 1379 1013 τοῖς
1405 979 1599 1024 συμμάχοις

84 1045 100 1064 Γ
113 1036 265 1072 ὕποπτον
285 1039 386 1072 αὐτὸν
406 1035 490 1072 εἶναί
510 1040 600 1084 φησι
620 1040 672 1072 καὶ
692 1040 775 1073 κατὰ
794 1040 854 1083 τὴν
875 1045 888 1064 S
903 1039 989 1074 ι’διάν
1009 1040 1148 1083 δύναμιν
1168 1041 1227 1075 οὐκ
1247 1041 1403 1086 ἰσχυρόν·
1435 1042 1514 1077 τοὺς
1532 1043 1598 1088 γὰρ

83 1102 277 1136 Μακεδόνας
297 1101 467 1137 Ῐἀσθενεῖς
485 1099 568 1135 εἶναι
588 1101 660 1136 καθ’
681 1101 831 1137 ἑαυτούς.

81 1195 228 1271 ΕΠΙ
254 1221 454 1267 πολλῶν
479 1216 564 1280 μὲν
590 1217 648 1267 ἄν
672 1240 741 1270 τις
769 1221 892 1279 ἰδεῖν,
920 1217 956 1267 ῶ
975 1218 1138 1284 ἄνδρες·
1165 1221 1420 1281 Ἀθηναῖοι,
1446 1221 1664 1270 11δοκεῖ18

80 1323 158 1364 μοι
186 1301 270 1363 τὴν
294 1300 424 1366 παρὰ
450 1305 544 1350 τῶν
580 1305 698 1351 θεῶν
737 1303 917 1352 εὔνοιαν
952 1301 1161 1368 φανερὰν
1196 1301 1505 1367 Χ’γιγνομένην
1538 1307 1596 1369 τῇ

79 1382 230 1446 πόλει,
258 1384 345 1450 οὐχ
379 1384 551 1448 ἥκιστα
587 1383 634 1434 δὲ
660 1385 709 1434 ἐν
734 1389 829 1437 τοῖς
867 1389 1074 1449 παροῦσι
1112 1383 1380 1450 πράγμασι·
1422 1383 1476 1434 τὸ
1502 1384 1595 1451 γὰρ

79 1465 186 1520 τοὺς
222 1466 585 1530 πολεμήσοντας
612 1467 837 1536 Φιλίππῳ
864 1470 1149 1532 γεγενῆσθαι
1186 1472 1261 1517 καὶ
1287 1468 1448 1535 χώραν
1474 1468 1586 1531 ὅμο-
1607 1483 1624 1514 5

78 1571 160 1614 ρον
186 1551 261 1599 καὶ
287 1549 480 1612 δύναμίν
506 1572 609 1599 τινα
646 1551 962 1613 κεκτημένους,
990 1553 1066 1601 καὶ
1099 1549 1152 1601 τὸ
1187 1551 1416 1615 με’γιστον
1443 1550 1592 1601 ἁπάν-

78 1654 184 1694 των,
210 1631 295 1695 τὴν
318 1631 432 1697 ὑπὲρ
457 1639 540 1683 τοῦ
559 1632 771 1695 πολέμου
791 1632 984 1697 γνώμην
1003 1632 1221 1696 τοιαύτην
1241 1633 1446 1699 ἔχοντας,
1469 1634 1593 1684 ὥστε

77 1715 161 1769 τὰς
197 1715 316 1781 πρὸς
350 1718 520 1766 ἐκεῖνον
559 1715 824 1780 διαλλαγὰς
863 1721 1053 1782 πρῶτον
1087 1716 1172 1778 μὲν
1211 1718 1455 1779 ἀπίστους,
1495 1715 1593 1768 εἶτα

78 1801 160 1861 τῆς
197 1800 372 1849 ἑαυτῶν
410 1800 632 1864 πατρίδος
667 1798 862 1863 νομίζειν
889 1798 1156 1849 ἀνάστασιν
1195 1797 1346 1860 Υεῖναι,
1379 1801 1592 1868 δαιμονίᾳ

44 1884 165 1933 ατινὶ
206 1884 282 1931 καὶ
322 1883 422 1950 θεία
465 1882 772 1932 παντάπασιν
810 1882 954 1932 ε”οικεν
999 1883 1256 1949 εὐεργεσίᾳ.
1318 1885 1390 1932 δεῖ
1421 1883 1590 1944 τοίνυν,
1607 1908 1644 1928 ¹0

77 1962 114 2013 ὦ
140 1964 303 2030 ἄνδρες
336 1965 592 2027 Ἀθηναῖοι,
619 1967 740 2015 τοῦτ’
770 1965 859 2028 ἤδη
890 1969 1086 2015 σκοπεῖν
1122 1964 1333 2026 Ζαὺτοὺς,
1365 1964 1492 2018 ὅπως
1525 1965 1590 2029 μὴ

76 2049 256 2114 χείρους
280 2051 386 2113 περὶ
412 2049 531 2110 ἡμᾶς
559 2047 723 2101 αὐτοὺς
751 2046 865 2098 εἶναι
901 2046 1125 2115 ἢδόξομεν
1150 2052 1244 2097 τῶν
1271 2047 1589 2114 ὑπαρχόντων,

78 2133 139 2183 ὡς
165 2131 265 2180 ε”στι
293 2135 386 2180 τῶν
411 2135 637 2196 αἰσχρῶν,
663 2135 852 2192 μᾶλλον
878 2129 925 2180 δὲ
950 2134 1044 2179 τῶν
1071 2131 1351 2196 αἰσχίστων,
1377 2130 1442 2193 μὴ
1471 2130 1587 2194 Ι’μό-

79 2235 158 2263 νον
174 2213 360 2263 πόλεων
377 2215 452 2263 καὶ
471 2212 629 2263 τόπων
650 2211 715 2262 ῶν
737 2212 851 2276 ἦμέν
868 2235 982 2263 ποτε
1004 2212 1149 2278 κύριοι
1177 2215 1431 2280 φαίνεσθαι
1457 2221 1588 2280 προϊ-
1608 2235 1642 2266 ¹5

78 2296 277 2360 εμένους,
307 2296 438 2347 ἀλλὰ
463 2298 538 2346 καὶ
564 2301 657 2346 τῶν
685 2296 774 2347 ὑπὸ
800 2300 882 2360 τῆς
917 2298 1061 2363 τύχης
1099 2297 1590 2362 παρασκευασθέντων

77 2378 365 2446 εσυμμάχων
390 2382 465 2429 καὶ
490 2385 677 2445 καιρῶν.

133 2517 151 2536 ⁰
170 2513 230 2555 μὲν
251 2524 318 2546 om.
342 2513 386 2546 O.
530 2518 550 2545 P
571 2512 667 2548 ὄντος
687 2525 756 2546 om.
780 2513 962 2547 B.F.Y.O.
1099 2518 1116 2545 (1
1137 2513 1280 2558 ἀσθενῆ]
1304 2513 1442 2547 ἀσθενεῖ
1460 2513 1588 2549 Y.O.V.

80 2569 95 2588 Γ
113 2562 265 2598 ὕποπτον
285 2565 403 2609 αὐτὸν]
427 2566 529 2598 αὐτὸν
549 2564 702 2599 ὕποπτον
721 2566 763 2599 Y.
912 2574 924 2591 ἱ
945 2566 1048 2611 ἰδίαν]
1074 2565 1196 2598 οἷκείαν
1216 2565 1257 2598 Y.
1404 2567 1413 2587 t
1434 2565 1592 2600 ἀσθενεῖς

79 2613 177 2662 εἶναι]
201 2614 282 2651 εἶναι
301 2617 455 2652 ἀσθενεῖς
474 2618 516 2651 Y.
639 2625 657 2643 Η
680 2618 785 2664 δοκεῖ]
811 2619 905 2651 δοκοῖ
922 2630 953 2651 v.
1080 2624 1093 2638 ‘⁴
1115 2618 1316 2662 γιγνομένην
1337 2618 1461 2651 B.F.S.
1490 2632 1591 2663 γενο-

79 2670 178 2712 μένην
197 2670 314 2715 vulgo.
455 2675 468 2697 -V
489 2667 572 2704 εἶναι
592 2683 661 2704 om.
685 2671 719 2704 S.
860 2676 873 2691 Ζ
894 2670 1208 2714 αὐτοὺς-αὐτοὺς]
1234 2670 1535 2705 αὑτοὺς-αὑτοὺς
1552 2671 1591 2704 S.

80 2725 99 2745 a
117 2721 276 2767 δόξομεν]
310 2723 460 2766 δόξωμεν
480 2723 670 2763 A.B.—et‚
691 2729 731 2756 ut
753 2723 888 2767 opinor,
910 2728 1105 2756 ceterorum
1133 2722 1301 2767 plerique,
1322 2728 1362 2755 ut
1380 2723 1486 2767 vulgo
1507 2728 1590 2756 ante

80 2773 291 2808 Bekkerum.
419 2771 438 2799 b
458 2775 578 2820 μόνον]
603 2777 713 2818 μόνων
734 2787 785 2820 pr.
808 2775 847 2815 F,
867 2787 938 2808 non
961 2775 1002 2808 B.
1134 2779 1149 2798 ⁰
1170 2774 1374 2820 συμμάχων]
1400 2775 1592 2819 συμμάχων

78 2839 114 2858 τε
133 2827 385 2861 A.B.Y.O.u.v.
