1930 3266
219 318 272 358 45

220 972 274 1020 46

221 1391 274 1431 47

286 192 371 231 250
830 192 1256 231 ΔΗΜΟΣΘΕΝΟΎΣ
1344 188 1924 243 011.Xx1⁷111.p.237‚22-.

288 305 338 354 ἐκ
376 308 470 354 τῶν
509 306 681 369 ἀγρῶν,
722 310 888 354 τοῦτον
927 302 975 353 δὲ
1013 304 1212 369 χρυσίον
1251 306 1431 364 λαβεῖν,
1471 303 1545 351 καὶ
1586 301 1651 351 ἔτι
1689 299 1807 366 πρὸς

287 386 466 441 τούτοις
517 386 602 450 τὴν
659 387 743 449 μὲν
794 387 1043 452 ἀπέχθειαν
1094 385 1179 449 τὴν
1230 385 1249 411 ¹¹
1265 384 1383 450 πρὸς
1434 386 1674 448 Θηβαίους
1731 386 1806 434 καὶ

288 469 559 522 Θετταλοὺς
604 474 661 537 τῇ
705 468 842 520 πόλει
882 468 1142 534 ἱγενέσθαι,
1182 467 1267 531 τὴν
1307 467 1355 517 δὲ
1396 467 1532 534 χάριν
1570 466 1655 530 τὴν
1694 466 1807 532 ὑπὲρ

286 556 381 602 τῶν
413 551 755 616 πεπραγμένων
784 552 1024 619 Φιλίππῳ.
1078 551 1148 601 ὅτι
1182 552 1219 601 δ’
1249 553 1370 601 οὕτω
1405 556 1534 601 ταῦτ’
1563 551 1668 618 ἔχει,
1696 552 1806 616 λέγε
1820 576 1858 608 25

287 659 366 699 μοι
396 634 484 685 Ιὶτό
517 658 565 686 τε
599 641 682 685 τοῦ
719 636 1081 687 Καλλισθένους
1112 634 1349 702 ψήφισμα
1386 636 1460 684 καὶ
1496 634 1580 698 τὴν
1612 638 1803 685 ἐπιστο-

289 719 380 783 λὴν
408 719 515 782 1τὴν
552 725 636 769 τοῦ
673 720 929 779 Φιλίππου,
956 718 1012 787 ἐξ
1037 716 1101 768 ὧν
1127 718 1408 785 ἀμφοτέρων
1434 725 1462 744 ¹¹¹
1482 719 1610 768 ταῦθ’
1641 716 1808 769 ἅπανθ’

290 803 395 865 ὑμῖν
421 801 554 850 ἔσται
582 800 778 868 φανερά.
835 808 853 826 ¹¹
870 801 992 866 λέγε.

888 905 907 924 0
922 901 1213 942 ΨΗΦΙΣΜΑ.
1825 893 1904 948 238

404 972 496 1012 Ἐπὶ
552 974 844 1024 ρΜνησιφίλου
902 973 1105 1025 ἄρχοντος,
1159 971 1380 1024 συγκλήτου
1437 971 1646 1021 ἐκκλησίας
1700 969 1810 1010 (Ἰὺπό

347 1044 577 1092 στρατηγῶν
613 1040 675 1079 καὶ
716 1043 943 1090 πρυτάνεων
985 1039 1046 1079 καὶ
1087 1042 1236 1089 βουλῆς
1272 1040 1418 1094 γνώμῃ,
1457 1040 1813 1089 ι’μαιμακτηριῶνος

345 1107 483 1157 δεκάτῃ
515 1108 710 1153 ἀπιόντος,
746 1107 1023 1157 Καλλισθένης
1052 1105 1277 1147 Ἐτεονίκου
1307 1107 1511 1158 Φαληρεὺς
1546 1105 1630 1146 εἶπε
1663 1105 1840 1156 μηδένα5

345 1173 566 1224 Ἀθηναίων
596 1176 762 1226 μηδεμιᾷ
792 1173 1026 1225 παρευρέσει
1059 1175 1101 1214 ἐν
1130 1177 1175 1224 τῇ
1206 1175 1314 1228 χώρᾳ
1339 1178 1538 1214 5κοιταῖον
1564 1175 1810 1225 ῑγίγνεσθαι,

349 1242 440 1282 ἀλλ’
475 1243 518 1282 ἐν
555 1243 666 1282 ἄστει
709 1241 770 1281 καὶ
806 1248 823 1264 ¹¹
840 1245 1030 1293 Πειραιεῖ,
1069 1243 1158 1281 ὅσοι
1199 1242 1250 1292 μὴ
1288 1243 1330 1281 ἐν
1365 1245 1446 1283 τοῖς
1480 1242 1677 1293 φρουρίοις
1713 1241 1814 1280 εἰσὶν

349 1309 673 1361 ἀποτεταγμένοι·
717 1309 862 1348 τούτων
903 1307 932 1348 δ’
973 1308 1173 1354 ἑκάστους,
1211 1307 1259 1358 ἣν
1299 1308 1533 1359 παρέλαβον
1573 1307 1695 1357 τάξιν,
1734 1310 1814 1347 δια-

348 1381 480 1428 τηρεῖν
525 1377 620 1428 μήτε
664 1377 1014 1428 Χάφημερεύοντας
1063 1375 1159 1426 μήτε
1207 1376 1522 1416 ἀποκοιτοῦντας.
1579 1374 1622 1416 ὃς
1662 1373 1722 1414 ἴδ’
1765 1374 1814 1415 ἂν
1829 1394 1867 1415 ιο

349 1443 542 1494 ἀπειθήσῃ
579 1447 707 1498 Ζτῷδε
743 1444 794 1498 τῷ
831 1444 1072 1495 ψηφίσματι,
1108 1450 1123 1465 ²²
1139 1443 1278 1496 ἔνοχος
1318 1444 1417 1483 ἔστω
1459 1446 1538 1484 τοῖς
1577 1445 1642 1492 τῆς
1676 1445 1815 1494 προδο-

349 1512 438 1554 σίας
467 1513 682 1562 ἐπιτιμίοις,
713 1512 782 1550 ἐὰν
811 1510 862 1561 μή
891 1527 927 1550 τι
955 1511 1148 1550 ἀδύνατον
1174 1510 1422 1560 ὓέπιδεικνύῃ
1449 1510 1536 1561 περὶ
1566 1509 1706 1549 ἑαυτὸν
1727 1510 1814 1549 ὒὸν·

350 1580 437 1630 περὶ
469 1580 510 1618 δὲ
541 1578 557 1601 ‘¹
573 1582 640 1618 τοῦ
676 1577 867 1618 ἀδυνάτου
906 1577 1131 1628 ἐπικρινέτω
1163 1579 1183 1616 ὁ
1219 1578 1281 1617 ἐπὶ
1320 1581 1393 1617 τῶν
1429 1578 1564 1617 ὅπλων
1602 1576 1818 1628 στρατηγὸς

352 1647 413 1687 καὶ
447 1648 466 1686 ὁ
503 1647 566 1686 ἐπὶ
601 1646 668 1696 τῆς
699 1645 923 1695 διοικήσεως
958 1646 1020 1685 καὶ
1057 1646 1076 1684 ὁ
1110 1645 1355 1696 γραμματεὺς
1392 1647 1455 1694 τῆς
1489 1646 1651 1694 βουλῆς.
1702 1660 1816 1683 κατα-

351 1715 519 1765 κομίζειν
550 1716 592 1754 δὲ
624 1715 687 1753 καὶ
718 1716 765 1753 τὰ
797 1715 839 1753 ἐκ
869 1718 946 1753 τῶν
977 1714 1108 1765 ἀγρῶν
1139 1713 1296 1753 Επάντα
1327 1713 1397 1762 τὴν
1427 1714 1634 1765 ταχίστην,
1665 1713 1712 1751 τὰ
1741 1713 1815 1762 μὲν
1829 1727 1865 1759 15

351 1784 460 1825 ἐντὸς
501 1784 671 1822 σταδίων
713 1782 853 1822 ἑκατὸν
889 1782 1065 1822 ῗεῖκοσιν
1101 1783 1187 1823 §eis
1227 1782 1323 1821 ἄστυ
1366 1781 1427 1821 καὶ
1471 1783 1652 1832 Πειραιᾶ,
1690 1782 1738 1820 τὰ
1775 1781 1818 1820 δὲ

353 1850 461 1891 ἐκτὸς
501 1850 670 1889 σταδίων
713 1848 853 1888 ἑκατὸν
895 1849 1042 1888 εἴκοσιν
1084 1847 1178 1889 heis
1217 1847 1434 1887 Ἐλευσῖνα
1475 1847 1537 1887 καὶ
1576 1846 1715 1896 Φυλὴν
1755 1847 1819 1887 καὶ

1390 1912 1398 1936 l

353 1915 425 1956 iUA
667 1916 676 1929 Χ
717 1914 726 1927 t
869 1918 887 1927 Α
1058 1915 1067 1926 ἱ
1116 1913 1136 1940 k
1221 1915 1232 1928 Ι
1433 1914 1452 1927 ὦ
1739 1912 1749 1927 Ι

429 1919 573 1968 φιδναν
617 1933 678 1955 και
733 1919 962 1966 Ραμνουντα
1009 1931 1070 1954 και
1153 1918 1331 1954 Σουνιον.
1415 1931 1498 1954 ειπε
1540 1916 1819 1964 Καλλισθενης

352 1984 568 2035 Φαληρεύς.

348 2084 370 2112 ¹¹
389 2089 475 2132 πρὸς
496 2088 668 2131 Θηβαίους
688 2087 916 2133 A-S.k.p.r.S.
949 2088 1034 2132 πρὸς
1053 2086 1132 2121 τοὺς
1155 2086 1326 2129 Θηβαίους
1345 2086 1463 2131 vulgo.
1605 2081 1614 2109 ¹
1636 2084 1815 2131 γενέσθαι]

294 2141 500 2187 γεγενῆσθαι
519 2142 634 2175 A.k.s.
761 2137 782 2164 k
802 2142 841 2174 τό
861 2139 915 2186 τε]
940 2141 979 2173 τὸ
999 2141 1077 2173 τότε
1097 2145 1274 2173 correctus
1296 2138 1340 2173 Ο.
1453 2136 1463 2163 Ῑ
1483 2138 1544 2182 τὴν
1563 2150 1632 2172 om.
1656 2138 1819 2184 S.O.p.u.

297 2200 327 2219 m
353 2193 446 2228 ταῦθ’
471 2193 590 2228 ἅπαντ’
620 2194 696 2237 ὑμῖν
725 2194 823 2227 ἕσται
852 2194 886 2227 S.
926 2193 1058 2227 ἅπαντα
1087 2195 1192 2227 ταῦτα
1221 2192 1321 2226 ἔσται
1351 2192 1427 2235 ὑμῖν
1452 2192 1567 2226 A.k.s.
1609 2191 1686 2236 ὑμῖν
1713 2191 1822 2225 πάντα

296 2250 402 2281 ταῦτα
421 2249 519 2281 ἕσται
538 2260 603 2293 p.r.
634 2247 711 2290 ὑμῖν
730 2247 862 2281 ἅπαντα
882 2245 975 2280 ταῦτ’
995 2248 1094 2280 ἕσται
1114 2246 1232 2291 vulgo.
1336 2251 1354 2269 ¹¹
1375 2247 1456 2290 λε’γε
1476 2257 1545 2279 om.
1566 2250 1592 2278 t.
1695 2250 1714 2269 ⁰
1736 2245 1819 2279 Pse-

296 2301 435 2347 phisma
454 2306 489 2334 et
509 2301 694 2346 epistolam
714 2300 750 2333 in
770 2301 840 2334 ima
859 2300 988 2346 pagiua
1007 2300 1108 2345 pouit
1128 2299 1170 2332 Y.
1295 2304 1312 2332 P
1334 2298 1560 2343 Μνησιφίλου
1580 2297 1817 2344 F.S.O.k.p.r.

297 2353 532 2398 Μνησιφὺλου
547 2354 666 2399 vulgo.
749 2360 768 2386 q
790 2354 854 2387 ὑπὸ
875 2355 1077 2398 στρατηγῶν
1098 2351 1275 2390 F.S.Y.Q.
1311 2351 1511 2397 Legebatm·
1532 2351 1597 2385 ὑπὸ
1617 2354 1819 2397 στρατηγῶν

296 2409 490 2452 γενομένης.
523 2408 704 2452 γενομένης
724 2412 805 2441 ante
826 2407 891 2440 ὑπὸ
911 2407 1093 2451 A.k.p.r.s.
1136 2405 1303 2439 Similiter
1323 2405 1442 2438 addito
1463 2402 1692 2449 συναχθείσης
1710 2404 1819 2438 inter-

295 2461 455 2505 polatum
485 2472 521 2505 p.
549 2470 636 2507 249,
668 2470 724 2494 12.
889 2465 904 2483 Γ
933 2458 1237 2504 μαιμακτηριῶνος]
1279 2459 1382 2502 μηνὸς
1419 2460 1706 2502 μαιμακτηριῶνος
1735 2458 1818 2492 A.k.

297 2518 312 2538 S
333 2513 497 2559 κοιταῖον]
522 2517 658 2546 κοιτέων
677 2514 719 2546 Α.
795 2511 810 2537 t
829 2509 1026 2558 γίγνεσθαι]
1049 2512 1207 2557 γενέσθαι
1229 2511 1310 2546 O.u.
1391 2517 1412 2535 ¹¹
1433 2511 1600 2557 Πειραιεῖ]
1623 2511 1658 2544 ἐν
1677 2511 1823 2556 πειραιεῖ

295 2567 413 2601 A.k.s.
511 2572 530 2590 X
551 2565 844 2611 ἀφημερεύοντας]
870 2566 1129 2610 ἀφημεροῦντας
1149 2577 1218 2610 o.q.
1317 2570 1334 2597 θ’
1355 2564 1384 2598 δ’
1406 2562 1463 2610 ἂν]
1488 2563 1528 2598 ἂν
1547 2565 1583 2598 δέ
1605 2564 1693 2602 F.Q.
1722 2562 1763 2597 ἀν
1782 2564 1819 2597 δὲ

296 2618 336 2652 ἀν
358 2620 392 2653 S.
525 2625 542 2643 Ζ
562 2621 649 2666 τῷδε
669 2621 716 2666 τῷ
734 2618 957 2664 ψηφίσματι]
982 2621 1029 2665 τῷ
1047 2616 1253 2664 ψηφίσματι
1272 2618 1387 2663 Y.p.r.
1421 2620 1468 2665 τῷ
1487 2618 1691 2662 ψηφίσματι
1710 2615 1820 2664 τούτῳ

297 2672 544 2711 F.Q.O.t.11.v.
613 2677 632 2696 a
649 2673 768 2717 ἔνοχος
787 2672 895 2718 ἔστω]
918 2673 1010 2706 ἔστω
1030 2673 1149 2716 ἔνοχος
1168 2683 1235 2717 p.r.
1265 2671 1384 2715 ἔνοχος
1403 2672 1502 2704 ἕσται
1522 2671 1637 2705 Α,]ς.8.
1706 2666 1726 2695 b
1747 2670 1818 2704 ἐπι-

297 2724 447 2771 δεικνύῃ]
474 2724 675 2768 ὑποδεικνῦῃ
696 2738 763 2771 p.r.
796 2724 940 2768 δεικνύῃ,
962 2725 1138 2770 adscripto
1157 2725 1193 2758 in
1213 2736 1325 2770 marg.
1347 2725 1415 2764 ἐπι,
1436 2725 1479 2758 Α.
1646 2729 1662 2749 c
1685 2722 1724 2757 ὅν
1747 2735 1817 2757 om.

297 2779 471 2818 F.S.Y.Q.
547 2775 566 2803 d
586 2781 647 2812 τοῦ
667 2778 850 2824 ἀδυνάτου]
875 2782 942 2812 τῶν
961 2778 1133 2812 ἀδυνάτων
1153 2789 1223 2823 o.q.
1300 2783 1316 2802 e
1337 2777 1462 2823 πάντα]
1487 2776 1618 2811 ἅπαντα
1636 2789 1665 2811 r.
1742 2773 1757 2800 f
1774 2774 1820 2810 εἵ-

297 2831 597 2877 κοσιν-εἵκοσιν]
623 2830 899 2866 εἴκοσι-εἴκοσι
919 2832 1001 2866 A.S.
1130 2837 1151 2864 ἕ
1170 2831 1217 2866 εἷς
1235 2830 1499 2864 ἄστυ-ἑκατὸν
1519 2829 1626 2864 εἴκοσι
1650 2830 1687 2864 in
1705 2841 1818 2875 marg.

296 2884 404 2918 habet
422 2886 464 2918 A.
562 2882 583 2909 h
603 2885 650 2920 εἷς
669 2897 739 2919 om.
762 2885 970 2923 F.S.Y.Q.r.
1067 2881 1279 2929 ἰνΑφιδναν]
1305 2883 1433 2928 ἅφνιδα
1455 2883 1662 2922 S.Q.O.u.v.
1692 2881 1821 2928 ἀφνίδα

298 2937 457 2982 F.Y.p.r.
487 2937 616 2982 ἅφιδνα
635 2943 661 2972 t.
692 2938 846 2983 ἅφυδναν
865 2939 902 2972 k.
1015 2935 1036 2962 k
1056 2936 1211 2982 Σούνιον]
1236 2936 1394 2970 σοὺννιον
1414 2937 1487 2971 F.r.
1517 2935 1682 2981 σοὺμνιον
1701 2948 1738 2982 p.
1768 2935 1821 2971 καὶ

299 2988 438 3024 Σούνιον
457 3002 527 3025 om.
549 2991 618 3025 k.s.
731 2988 741 3015 ¹
762 2988 834 3024 εἶπε
857 2993 968 3025 Καλλ.
989 2992 1074 3025 Φαλ.
1096 3003 1166 3025 om.
1188 2990 1315 3024 F.S.Y.
