1882 3250
235 164 318 207 176
666 162 983 220 [ΦΙΛΙΠΠΟΎ]
1018 167 1314 204 ΕΠΙΣΤΟΛΗ.
1493 164 1607 204 XII.
1630 177 1671 218 p.
1693 163 1781 217 165,
1798 179 1815 204 a
1862 159 1870 170 '

170 297 222 340 25
238 279 523 341 ὁμολογίαις.
589 278 736 327 καίτοι
798 281 898 330 πῶς
958 277 1014 327 ἂν
1065 277 1196 342 ἑτέρα
1248 276 1426 341 γένοιτο
1473 277 1750 342 βεβαιοτέρα

236 361 408 425 ταύτης
459 364 638 423 κτῆσις,
686 363 768 421 τῆς
819 359 872 410 τὸ
919 359 1003 422 μὲν
1053 359 1110 426 ἐξ
1157 362 1305 426 ἀρχῆς
1357 361 1751 427 καταλειφθείσης

237 446 347 508 ἡμῖν
391 443 480 495 ὑπὸ
517 449 610 494 τῶν
648 442 909 508 προγόνων,
948 442 1095 492 πάλιν
1141 442 1188 492 δὲ
1229 441 1348 492 κατὰ
1391 443 1602 505 πόλεμον
1640 445 1752 506 ἐμῆς
1767 468 1805 489 ιο

237 529 561 594 γεγενημένης,
588 527 744 592 τρίτον
782 526 829 577 δὲ
863 526 1256 591 συγχωρηθείσης
1295 527 1371 592 ὑφ’
1402 528 1531 588 ὑμῶν
1565 531 1658 576 τῶν
1693 530 1753 576 εἶ-

240 612 476 673 θισμένων
502 613 823 678 ἀμφισβητεῖν
851 610 925 658 καὶ
952 612 1046 658 τῶν
1071 607 1229 658 ὴούδέν
1257 609 1362 670 ὑμῖν
1387 607 1750 673 προσηκόντων;

171 706 227 744 26
304 693 372 745 AA
399 694 483 757 μὲν
510 695 590 744 οὖν
616 696 818 759 ἐγκαλῶ,
845 696 973 742 ταῦτ’
1001 692 1144 741 ἐστίν·
1190 694 1250 744 ὡς
1278 691 1326 741 δὲ
1351 692 1754 758 προϋπαρχόντων

239 781 315 829 καὶ
342 777 417 828 διὰ
443 777 527 840 τὴν
553 776 668 840 ἐμὴν
699 774 949 834 εὐλάβειαν
983 780 1175 838 μᾶλλον
1214 776 1302 839 ἤδη
1341 780 1437 828 τοῖς
1473 775 1755 841 πράγμασιν

237 860 564 922 ἐπιτιθεμένων
603 861 676 909 καὶ
717 860 818 908 καθ’
853 857 970 908 ὅσον
1003 857 1060 908 ἂν
1095 858 1299 922 δύνησθε
1340 857 1750 918 ἰκακοποιούντων,
1769 885 1802 916 15

239 947 356 1007 ὑμᾶς
405 946 666 1007 ἀμυνοῦμαι
712 941 829 1006 μετὰ
871 948 953 992 τοῦ
1004 943 1194 1004 δικαίου,
1243 944 1318 992 καὶ
1359 941 1598 1008 μάρτυρας
1647 941 1755 996 τοὺς

237 1027 371 1081 θεοὺς
395 1027 714 1092 ποιησάμενος
741 1025 1039 1095 διαλήψομαι
1065 1029 1170 1091 περὶ
1197 1030 1291 1076 τῶν
1320 1030 1423 1076 καθ’
1453 1025 1614 1089 ὑμᾶςκ.

961 1419 1039 1465 ΙΓ.

625 1589 808 1641 ΠΕΡΙ
859 1582 1383 1642 ΣΤΝΤΑΞΕΩΣ.

882 1802 1119 1831 ΥΠΟΘΕΣΙΣ.

290 1893 331 1927 ¹0
367 1894 473 1938 λόγος
511 1891 610 1926 οὗτος
647 1891 757 1924 οὐκέτι
795 1890 998 1924 Φιλιππικάς
1036 1889 1144 1928 ἐστιν,
1179 1888 1270 1922 ἀλλὰ
1303 1887 1420 1923 ἁπλῶς
1451 1888 1754 1932 συμβουλευτικός·

239 1955 422 2000 ἐκκλησίαν
448 1953 531 2001 1γὰρ
554 1955 705 2001 ἀγόντων
730 1956 797 1987 τῶν
821 1951 1006 1996 Ἀθηναίων
1031 1953 1108 1997 περὶ
1133 1955 1200 1985 τῶν
1226 1952 1392 1997 θεωρικῶν
1417 1953 1610 1997 χρημάτων,
1629 1954 1756 1998 παρελ-
1773 1943 1849 1985 166
1878 1964 1882 1971 '

239 2021 308 2055 θὼν
328 2021 345 2053 ὁ
366 2018 587 2064 Δημοσθένης
613 2023 636 2038 ¹¹¹
646 2018 752 2051 πείθει
774 2016 1005 2060 συνταχθῆναί
1037 2022 1101 2049 Πτε
1122 2016 1244 2051 αὐτοὺς
1270 2016 1322 2049 καὶ
1347 2017 1386 2049 τὸ
1410 2015 1551 2061 ἀρχαῖον
1576 2016 1758 2057 ἀναλαβεῖν

239 2083 370 2129 ἀξίωμα
397 2083 687 2128 στρατευομένους
715 2082 768 2114 καὶ
793 2084 860 2114 τῶν
884 2079 1060 2123 Ἑλλήνων
1085 2078 1417 2124 προκινδυνεύοντας,
1438 2080 1491 2113 καὶ
1517 2080 1691 2125 συγκρίνει
1715 2080 1758 2114 τὰ

241 2150 299 2182 νῦν
329 2149 401 2182 τοῖς
431 2147 485 2180 ε’πὶ
516 2149 584 2180 τῶν
616 2146 806 2191 προγόνων,
832 2144 923 2178 πολὺ
952 2145 1149 2189 φαυλότερα
1179 2144 1231 2177 καὶ
1265 2145 1485 2190 ταπεινότερα
1509 2147 1576 2178 τῶν
1605 2145 1759 2178 παλαιῶν

241 2210 383 2246 δεικνύς.

246 2312 448 2385 ΠΕΡΙ
490 2331 575 2394 μὲν
608 2336 691 2381 τοῦ
727 2328 959 2396 παρόντος
990 2330 1231 2396 ἀργυρίου,
1260 2332 1336 2380 καὶ
1372 2328 1436 2379 ὧν
1471 2329 1638 2379 Οἕνεκα
1673 2327 1759 2392 τὴν

241 2413 499 2477 ἐκκλησίαν
536 2420 555 2447 1³
571 2417 795 2475 ποιεῖσθε,
835 2410 871 2462 ὦ
909 2412 1072 2478 ἄνδρες
1109 2414 1366 2476 Ἀθηναῖοι,
1400 2409 1640 2476 οὐδέτερόν
1679 2433 1759 2475 μοι

295 2561 316 2589 h
346 2564 461 2610 οὐδὲν]
496 2565 594 2599 οὐθὲν
624 2565 792 2600 F.Y.O.V.
965 2562 975 2589 i
1004 2563 1289 2609 κακοποιούντων]
1324 2564 1423 2597 κακὸν
1450 2561 1639 2597 ποιούντων
1667 2563 1758 2598 Y.0.

241 2629 262 2656 k
284 2632 451 2666 Clausula
470 2633 506 2665 in
528 2633 571 2667 B.
594 2638 647 2666 est
666 2633 765 2667 haec:
796 2632 965 2675 ἐπιστολὴ
991 2629 1176 2665 Φιλίππου.
1209 2630 1235 2687 ⁴1³,
1267 2630 1348 2668 (hoc
1377 2635 1429 2663 est
1450 2629 1562 2663 sexies
1581 2629 1662 2663 deni
1681 2640 1759 2662 ver-

242 2709 312 2736 sus,
343 2696 422 2739 60).
455 2696 618 2731 REISK.
679 2697 775 2742 Sigla
808 2697 866 2730 illa
904 2708 975 2730 non
1006 2707 1192 2729 numerum
1223 2694 1396 2739 significat
1425 2705 1601 2733 versuum,
1633 2693 1693 2738 qui
1721 2693 1757 2726 in

242 2750 360 2783 codice
381 2750 577 2795 antiquiore
597 2762 669 2783 non
688 2750 805 2796 potnit
820 2762 895 2784 esse
912 2747 974 2789 60,
997 2760 1107 2794 quum
1126 2749 1162 2781 in
1185 2748 1238 2787 B„
1260 2747 1370 2780 literis
1392 2746 1596 2780 minusculis
1615 2746 1756 2791 scripto,

241 2814 361 2836 versus
378 2803 447 2836 sint
469 2811 564 2849 147„
587 2804 648 2836 sed
668 2804 866 2848 διώρθωτιιι,
887 2803 982 2848 quod
1000 2802 1135 2836 mireris
1156 2801 1339 2834 Reiskium
1358 2800 1415 2833 hic
1434 2811 1506 2833 non
1520 2799 1632 2844 magis
1652 2810 1757 2844 quam

241 2855 278 2888 in
298 2856 529 2900 praecedentis
549 2856 812 2890 declamationis
833 2855 1088 2901 subscriptione
1109 2853 1405 2888 animadvertisse.
1516 2849 1526 2876 l
1552 2851 1634 2898 γὰρ]
1659 2852 1696 2885 δέ
1717 2851 1755 2885 F.

243 2913 273 2932 m
293 2908 400 2942 πείθει
420 2914 501 2942 ante
521 2909 701 2953 παρελθὼν
720 2910 763 2943 Y.
860 2915 878 2933 ¹¹
899 2924 935 2943 τε
955 2908 1114 2942 additum
1133 2919 1175 2941 ex
1196 2907 1239 2942 Y.
1333 2911 1352 2930 0
1371 2905 1466 2939 ἕνεκα
1485 2905 1521 2939 in
1539 2904 1696 2950 margine
1717 2904 1754 2938 S.

243 2965 262 2993 P
282 2962 435 2995 ποιεῖσθε
456 2976 510 3007 γρ.
535 2962 571 2996 S.
601 2964 728 2996 ποιεῖτε
747 2962 865 3007 vulgo.

1871 2890 1876 2922 ι

1870 2924 1876 3024 ἒ

1870 3025 1876 3094 ὲ
