1882 3250
231 165 315 208 194
778 165 1203 203 AHMOEGENOTE
1340 163 1421 201 On.
1440 161 1572 201 XIV.
1595 175 1634 215 p.
1657 159 1751 208 182,
1768 175 1808 200 ρο.
1861 154 1863 157 ’

230 277 320 327 ιοἰεὶ
347 276 453 330 τοὺς
476 275 850 341 ιιἀπορωτάτους.
904 278 978 324 καὶ
1004 274 1063 325 τὰ
1089 275 1173 338 μὲν
1198 275 1400 337 σώματα
1425 278 1600 323 Χταῦτα
1626 273 1747 322 οὕτω

447 361 458 374 Ι
704 362 716 376 Χ
798 364 816 371 ‘⁵
935 359 944 373 ἲ
971 357 986 375 ,X
1047 359 1056 371 '
1117 358 1136 374 ‘V
1325 358 1335 372 3
1454 355 1466 371 Χ
1528 355 1548 372 Ν
1696 353 1710 370 Χ

231 365 571 426 Υσυντεταχθαι
599 364 719 427 φημι
747 362 853 408 δειν·
891 360 934 407 δι
969 382 993 407 ο
1020 361 1045 407 δ
1062 397 1074 418 ,
1095 361 1295 418 εισεσθε,
1314 359 1500 406 επειδαν
1526 365 1640 405 ολον
1664 377 1746 405 τον
1758 377 1796 408 25

167 464 214 493 21
231 443 407 508 τρόπον
442 446 525 506 τῆς
564 442 833 509 συντάξεως
872 440 1120 503 ἀκούσητε·
1170 439 1253 492 τὰς
1291 439 1338 489 δὲ
1377 438 1573 504 τριήρεις
1609 442 1743 499 πῶς;

230 524 312 575 τὸν
363 523 549 575 ἅπαντα
601 522 800 587 ἀριθμὸν
851 521 1024 571 κελεύω
1076 522 1346 586 τριακοσίας
1397 520 1748 588 ἀποδείξαντας,

229 607 378 658 Ζκατοὶ
406 603 897 657 ἢπεντεκαιδεκαναΐαν
924 604 1071 653 ε’ίκοσι
1105 607 1303 666 ποιῆσαι
1337 604 1468 669 μέρη,
1494 608 1588 653 τῶν
1613 603 1744 668 πρώ-

229 713 324 740 των
351 688 515 739 ἑκατὸν
536 689 673 739 πέντε
700 689 773 736 καὶ
802 685 924 736 ἱ)τῶν
945 686 1167 751 δευτέρων
1188 686 1351 736 ἑκατὸν
1370 687 1506 737 πέντε
1531 688 1629 736 “ml
1655 690 1749 736 τῶν

231 773 400 837 τρίτων
440 771 605 822 ἑκατὸν
643 771 779 821 πέντε
825 770 1011 838 ἑκάστῳ
1055 769 1179 835 μέρει
1221 768 1445 831 διδόντας,
1483 767 1581 820 εἶτα
1620 792 1742 835 συγ·
1764 777 1840 831 183

229 860 478 921 κληρῶσαι
516 856 759 921 συμμορίᾳ
794 852 1032 915 σωμάτων
1066 853 1244 920 ἑκάστῃ
1278 853 1363 916 τὴν
1395 857 1746 904 πεντεκαιδεκα-

230 938 375 1000 ναΐαν,
409 938 494 1002 τὴν
533 937 581 987 δὲ
620 938 888 1003 συμμορίαν
927 937 1113 1005 ἑκάστῳ
1151 941 1217 1004 τῷ
1255 937 1380 1003 μέρει
1418 941 1562 1005 σφῶν
1597 937 1751 987 αὐτῶν

163 1042 214 1070 22
228 1027 348 1087 τρεῖς
376 1020 660 1072 ἀάποδοῦναι
696 1020 909 1087 τριήρεις.
964 1020 1148 1072 ἐπειδὰν
1175 1021 1222 1071 δὲ
1248 1022 1376 1071 ταῦθ’
1405 1023 1551 1074 οὕτως
1580 1021 1749 1087 ἔχοντα

229 1104 428 1172 ὑπάρχῃ,
469 1104 658 1167 κελεύω,
696 1104 851 1167 ἐπειδὴ
891 1103 945 1154 τὸ
983 1104 1161 1169 τίμημά
1203 1106 1306 1155 ἐστι
1343 1103 1432 1154 6τὸ
1469 1107 1552 1168 τῆς
1590 1105 1775 1171 χώρας5

228 1190 565 1258 εξακισχιλίων
600 1187 900 1250 ταλάντων,
891 1188 943 1238 ἶν’
974 1190 1079 1251 ὑμῖν
1112 1190 1186 1238 καὶ
1223 1188 1283 1238 τὰ
1316 1187 1536 1254 χρήματα
1565 1185 1593 1254 ῄ
1624 1211 1742 1239 συν-

226 1272 500 1337 τεταγμένα,
529 1275 695 1322 διελεῖν
734 1276 871 1320 τοῦτο
910 1294 985 1321 και
1023 1293 1220 1333 ποιησαι
1258 1272 1358 1320 καθ
1393 1269 1622 1338 ἑξήκοντα
1658 1270 1745 1322 τά·

226 1361 381 1405 λαντα
419 1354 584 1405 ἑκατὸν
621 1355 751 1419 με’ρη,
792 1351 889 1404 εἶτα
926 1354 1062 1404 πέντε
1101 1352 1611 1421 ἰὲξηκονταταλαντίας
1649 1358 1748 1407 ἕεῖς

226 1439 431 1503 ἑκάστην
456 1444 550 1489 τῶν
576 1438 800 1502 μεγάλων
826 1437 953 1487 Ῐιτῶν
985 1437 1133 1487 ε’ίκοσι
1168 1440 1445 1501 συμμοριῶν
1478 1438 1741 1502 ἐπικληρῶ-
1762 1460 1800 1481 ιο

226 1545 323 1584 σαι,
349 1521 436 1585 τὴν
463 1522 511 1573 δὲ
537 1522 806 1586 συμμορίαν
832 1520 1017 1588 ἑκάστῳ
1044 1525 1138 1570 τῶν
1168 1525 1321 1585 μερῶν
1353 1521 1463 1581 μίαν
1488 1520 1745 1588 ἑξηκοντα-

161 1623 212 1666 23
227 1606 485 1656 ταλαντίαν
511 1608 778 1666 ἀποδοῦναι,
805 1604 930 1657 ὅπως
956 1603 1040 1654 ἰᾶν
1071 1603 1155 1666 μὲν
1188 1606 1293 1664 ὑμῖν
1319 1602 1484 1654 ἑκατὸν
1511 1603 1589 1671 δέῃ
1615 1602 1744 1669 τριή-

226 1712 336 1757 ρων,
363 1688 448 1752 τὴν
483 1688 566 1752 μὲν
601 1688 814 1750 δαπάνην
849 1687 1077 1755 ἑξήκοντα
1115 1686 1328 1737 τάλαντα
1362 1690 1584 1753 συντελῇ,
1614 1686 1746 1752 τριή-

876 1770 893 1788 ,Ν

1869 1236 1872 1262 ι

1869 1299 1873 1396 ἶ

1870 1407 1874 1460 ἱ

1870 1463 1874 1619 ἓ

226 1795 394 1838 ραρχοι
434 1773 470 1820 δ’
506 1770 597 1821 ῶσι
637 1772 829 1832 δώδεκα,
867 1794 923 1821 αν
957 1770 1044 1821 Ιὶδὲ
1083 1771 1347 1832 διακοσίων,
1379 1770 1627 1835 τριάκοντα
1664 1769 1750 1833 μὲν
1870 1718 1875 1896 ἓ

1872 2175 1876 2198 ι

1872 2278 1877 2399 i

556 1853 566 1880 l

225 1854 256 1922 ᾐ
301 1855 513 1905 τάλαντα
583 1852 668 1917 τὴν
714 1854 926 1917 δαπάνην
976 1859 1310 1916 συντελοῦντα,
1355 1852 1411 1921 ἐξ
1452 1852 1501 1903 δὲ
1544 1853 1796 1915 σώμαται5

226 1961 613 2006 τριηραρχουντα,
639 1937 718 1988 ἐὰν
751 1937 798 1988 δὲ
833 1938 1130 2003 τριακοσίων,
1167 1937 1315 1987 εἰκοσι
1353 1935 1438 2000 μὲν
1472 1934 1501 2005 ᾗ
1535 1937 1750 1988 τάλαντα

226 2021 312 2086 τὴν
339 2021 552 2085 δαπάνην
580 2021 846 2082 διαλύοντα,
873 2021 1073 2085 τέτταρα
1099 2019 1147 2070 δὲ
1174 2020 1378 2083 σώματα
1405 2025 1744 2087 τριηραρχοῦν-

161 2127 213 2166 24
227 2129 298 2156 τα.
347 2105 426 2155 τὸν
454 2103 594 2155 αὐτὸν
621 2104 667 2155 δὲ
694 2103 885 2171 τρόπον,
906 2101 982 2153 ¹¹¹(ss
1008 2103 1172 2169 ἄνδρες
1197 2104 1454 2167 Ἀθηναῖοι,
1480 2105 1555 2153 καὶ
1581 2103 1641 2153 τὰ
1666 2108 1749 2154 νῦν

227 2187 513 2256 ὀφειλόμενα
562 2193 656 2239 τῶν
707 2192 890 2239 σκευῶν
941 2189 1014 2238 ἐπὶ
1071 2186 1155 2241 τὰς
1205 2187 1404 2253 τριήρεις
1453 2186 1746 2250 τιμήσαντας

225 2273 441 2325 Πᾶπαντα
473 2275 522 2324 ἐκ
553 2278 635 2324 τοῦ
670 2271 1023 2338 διαγράμματος
1049 2275 1223 2334 ονεῖμαι
1258 2269 1433 2321 κελεύω
1470 2269 1586 2336 μέρη
1620 2270 1737 2321 ε’ίκο-
1756 2294 1797 2316 20

280 2441 295 2467 ἴ
314 2442 381 2488 ἀεὶ]
406 2456 426 2476 α
444 2443 482 2476 in
500 2453 622 2476 rasura
639 2441 746 2475 habet
768 2442 804 2475 S.
855 2441 937 2475 Fuit
956 2441 1104 2475 fortasse
1124 2440 1199 2473 αἰεί.
1338 2446 1359 2465 u
1378 2438 1636 2485 ἀπορωτάτους]
1660 2439 1744 2473 ἀπό-

225 2509 305 2541 ρους
326 2496 367 2529 Α.
461 2501 481 2520 Χ
501 2497 607 2529 ταῦτα
626 2495 743 2529 addidi
764 2506 807 2528 ex
827 2494 909 2528 AS.
1002 2499 1020 2526 y
1042 2492 1286 2539 συντετάχθαι]
1312 2493 1399 2538 φημὶ
1419 2493 1489 2527 δεῖν
1506 2494 1537 2526 Α
1554 2493 1590 2527 S.
1632 2492 1745 2538 Lege·
1872 2492 1877 2511 ³

225 2549 329 2583 batur
349 2548 437 2594 φημὶ
458 2548 527 2582 δεῖν
547 2548 788 2592 συντετάχθαι.
882 2553 900 2571 2
921 2546 1021 2592 κατὰ]
1046 2546 1128 2580 κατὰ
1147 2546 1207 2590 τὴν
1228 2547 1267 2580 F.
1356 2551 1375 2571 a
1393 2543 1742 2592 πεντεκαιδεκαναΐαν]
1872 2525 1877 2574 ἓ

225 2600 557 2636 πεντεκαιδεκαναίαν
578 2601 700 2635 F.O.v.
804 2597 824 2625 b
843 2604 911 2634 τῶν
931 2601 1096 2645 δευτέρων
1115 2600 1233 2633 ἑκατὸν
1252 2600 1352 2633 πέντε
1372 2612 1391 2634 a
1410 2612 1457 2634 m.
1480 2611 1548 2634 sec.
1569 2599 1675 2634 habet
1696 2599 1745 2640 S„
1872 2594 1878 2676 t

226 2667 298 2690 om.
320 2667 352 2689 v.
481 2660 498 2680 0
517 2655 570 2688 καὶ
589 2658 656 2688 τῶν
676 2654 798 2700 τρίτων
817 2654 934 2688 ἑκατὸν
952 2655 1053 2687 πέντε
1073 2665 1093 2686 a
1112 2665 1160 2687 m.
1182 2652 1305 2698 quinta
1323 2653 1429 2687 habet
1450 2653 1487 2688 S.
1616 2648 1635 2677 d
1655 2653 1742 2686 ἀπο·
1872 2677 1878 2710 ἲ

225 2707 357 2753 δοῦναι]
381 2707 576 2742 ἀποδιδόναι
596 2708 639 2742 A.
725 2713 741 2732 e
761 2708 800 2741 τὸ
821 2719 890 2740 om.
914 2707 949 2740 S.
1037 2703 1053 2730 f
1070 2704 1430 2752 ἑξηκονταταλαντίας]
1457 2707 1742 2749 ἑξηκονταταλαν-

225 2761 316 2797 τείας
336 2761 505 2795 F.Y.O.v.
657 2766 678 2793 g
697 2760 744 2796 εἷς
762 2760 922 2805 ἑκάστην]
948 2759 1073 2802 ἑκάστῃ
1094 2759 1137 2793 A.
1160 2764 1195 2793 et
1213 2773 1268 2804 γρ.
1289 2759 1332 2793 Y.
1482 2756 1503 2783 h
1522 2761 1589 2792 τῶν
1608 2771 1679 2793 om.
1700 2759 1742 2792 A.
1872 2731 1879 2788 ¹

225 2811 235 2838 i
254 2813 296 2848 ἂν
314 2813 470 2857 μὲν-ἂν
490 2814 525 2848 δέ
548 2814 584 2849 S.
616 2814 673 2848 ἐὰν
692 2813 866 2857 μὲν--ἐὰν
886 2814 921 2847 δέ
942 2813 1059 2858 vulgo.
1147 2807 1169 2836 k
1189 2812 1242 2858 δέ]
1264 2812 1300 2846 δέ
1321 2813 1378 2854 δέῃ
1400 2811 1568 2846 F.Y.O.v.
1652 2808 1662 2836 Ῑ
1682 2811 1744 2854 τὴν
1872 2790 1880 2883 ζ

225 2867 306 2902 δαπ.
329 2867 447 2913 συντ.]
471 2867 514 2901 τὰ
532 2868 592 2911 τὴν
611 2867 689 2902 δαπ.
711 2881 808 2901 συντ.
829 2866 1005 2901 F.Y.O.v.
1123 2871 1151 2889 m
1174 2861 1200 2899 ὦ
1218 2865 1335 2910 ἄνδρες
1352 2863 1524 2908 Ἀθηναῖοι
1542 2869 1624 2911 post
1643 2863 1740 2910 ὄφει·
1872 2859 1882 2913 ξ

224 2921 352 2963 λόμενα
370 2924 509 2966 ponunt
529 2920 610 2955 A.S.
708 2924 728 2945 n
748 2918 881 2954 ἅπαντα
900 2932 968 2954 om.
992 2918 1036 2953 Ο.
1137 2923 1155 2943 ⁰
1175 2917 1300 2964 νεῖμαι]
1324 2915 1406 2952 εἶναι
1427 2918 1471 2952 Ο.
1872 2914 1879 3009 ἱ
