1882 3250
79 193 170 234 174,
189 199 241 222 25.
641 184 768 222 ΠΕΡΙ
800 182 1144 222 ΣΎΝΤΑΞΕΩΣ.
1565 184 1648 223 185

139 298 233 343 τῶν
254 296 372 357 ὑμῖν,
393 293 450 345 ἂν
476 294 546 359 ἄρ’
569 295 698 357 ὑμῶν
717 295 869 343 αὐτῶν
894 292 1023 343 1ἀλλ’
1051 295 1100 343 ἐκ
1121 293 1300 343 τούτων
1322 315 1377 356 γε
1403 293 1646 356 ΠΙδύνησθε

136 377 357 441 γενέσθαι
378 377 656 442 1[Ῑκρείττους.
698 377 835 426 πέντε
861 375 968 438 ομὲν
991 378 1065 426 καὶ
1090 374 1433 440 τετταράκοντα
1453 375 1531 438 ε”τη
1552 380 1646 425 τῶν
1666 396 1744 435 174

135 458 386 522 Ἑλλήνων
419 458 570 527 ἧρξαν
601 457 826 509 Ρὲκόντων
863 460 1036 519 ἐκεῖνοι,
1062 459 1211 509 πλείω
1246 460 1284 506 δ’
1316 457 1345 521 ἢ
1380 458 1522 522 μύρια
1555 458 1642 507 τά·

134 551 286 591 λαντα
318 546 379 593 εἷς
416 541 502 604 τὴν
534 540 793 605 ἀκρόπολιν
831 541 1112 605 Ἷάνήγαγον,
1138 540 1302 591 πολλὰ
1327 540 1375 590 δὲ
1412 543 1487 590 καὶ
1521 540 1675 589 καλά5

134 625 208 672 καὶ
242 626 359 689 πεζῇ
398 626 473 674 καὶ
510 630 853 690 ναυμαχοῦντες
892 624 1105 688 ε”στησαν
1135 623 1349 689 τρόπαια,
1375 625 1447 690 ἐφ’
1476 623 1542 675 οἷς
1581 623 1646 672 ἐτι

133 708 208 756 καὶ
234 711 315 756 νῦν
341 707 491 769 Γἡμεῖς
518 706 906 774 φιλοτιμούμεθα.
950 708 1098 756 καίτοι
1129 706 1356 771 5νομίζετε
1382 711 1530 755 ταῦτα
1557 706 1640 755 αὑ-

1116 793 1136 802 Α

132 786 239 841 τοὺς
264 791 445 851 στῆσαι
471 790 557 855 οὐχ
581 789 657 839 ἵνα
681 789 1008 855 ’ίθαυμάζωμεν
1028 790 1154 852 ἡμεις
1180 795 1201 814 ¹¹
1213 793 1490 852 θεωροῦντες
1514 787 1645 850 αὐτὰ,

65 889 122 931 30
133 872 245 920 ἀλλ’
270 871 344 920 ἵνα
369 873 444 921 καὶ
469 871 717 935 μιμώμεθα
742 870 825 924 τὰς
851 875 945 920 τῶν
972 871 1236 921 ἀναθέντων
1262 869 1443 936 ἀρετάς.
1485 872 1645 920 ἐκεῖνοι

129 952 214 1015 μὲν
259 952 315 1016 δὴ
358 959 522 1004 ταῦτα·
576 955 704 1017 ἡμεῖς
747 955 801 1015 δ’,
847 953 965 1016 ὅσης
1015 952 1216 1006 ἅπαντες
1268 955 1405 1018 ὁρᾶτε
1456 953 1644 1018 ἐρημίας
1660 981 1698 1002 10

129 1035 468 1099 ἐπειλημμένοι,
513 1036 768 1104 σκέψασθε
813 1039 850 1086 εἰ
894 1036 1226 1102 παραπλήσια.
1270 1037 1324 1085 οὐ
1363 1037 1512 1086 πλείω
1559 1035 1645 1098 μὲν

127 1117 156 1182 ἢ
200 1119 333 1185 χίλια
379 1121 453 1169 καὶ
491 1118 780 1170 πεντακόσια
820 1119 1034 1169 τάλαντα
1077 1119 1346 1183 Χοἰνήλωται
1388 1119 1541 1183 μάτην
1581 1124 1644 1172 εἷς

127 1200 232 1254 τοὺς
276 1206 369 1251 τῶν
410 1201 694 1265 ΨΕλλήνων
738 1201 979 1268 Ζοὶπόρους,
1025 1202 1375 1270 δέξανήλωνται
1418 1202 1465 1253 δὲ
1506 1203 1554 1252 οἵ
1594 1226 1642 1253 τε

629 1284 730 1335 ι’καὶ
763 1284 821 1334 τὰ
845 1284 975 1334 κοινὰ
1011 1289 1070 1351 τῇ
1107 1283 1245 1335 πόλει
1282 1286 1357 1334 καὶ
1389 1283 1479 1333 0τοὶ
1512 1283 1642 1349 παρὰ

126 1284 231 1334 ἴδιοι
267 1283 437 1337 πάντες
473 1283 588 1335 οἶκοι

128 1371 222 1417 τῶν
257 1366 535 1433 συμμάχων,
573 1367 650 1420 οὓς
685 1369 721 1417 δ’
762 1369 809 1417 ἐν
846 1371 912 1436 τῷ
951 1368 1146 1436 πολέμῳ
1186 1367 1466 1433 συμμάχους
1501 1369 1637 1431 ἐκτη-
1658 1392 1693 1422 15

63 1472 112 1514 31
130 1449 330 1513 σάμεθα,
350 1451 473 1501 οὗτοι
497 1457 578 1501 νῦν
597 1453 645 1501 ἐν
665 1455 722 1518 τῇ
748 1449 903 1518 εἰρήνῃ
924 1450 1241 1500 ἀπολώλασιν
1263 1471 1274 1510 ;
1318 1449 1449 1499 ἀλλὰ
1470 1448 1524 1512 νὴ
1547 1451 1642 1499 Δία

127 1541 274 1586 ταῦτα
307 1535 451 1598 μόνον
478 1535 572 1586 τότ’
600 1534 692 1602 εἶχε
723 1536 915 1596 βέλτιον
948 1533 977 1598 ἢ
1017 1541 1112 1596 νῦν,
1139 1533 1197 1584 τὰ
1233 1536 1269 1583 δ’
1301 1534 1432 1583 ἄλλα
1469 1539 1638 1601 χεῖρον.

125 1622 312 1668 πολλοῦ
352 1639 407 1682 γε
453 1619 526 1668 acsi
572 1620 650 1678 δεῖ,
688 1615 827 1666 QUO(
869 1617 893 1667 ὅ
939 1639 982 1666 τι
1025 1616 1276 1678 βούλεσθε,
1321 1616 1635 1684 ἐξετάσωμεν.

128 1698 474 1762 οἰκοδομήματα
507 1700 591 1762 μέν
616 1723 670 1764 γε
709 1702 784 1750 καὶ
819 1699 1002 1762 κόσμον
1029 1703 1111 1763 τῆς
1149 1699 1334 1752 πόλεως
1370 1701 1469 1749 εἕκαὶ
1506 1703 1639 1765 ἱερῶν
1654 1726 1694 1747 20

127 1785 202 1832 καὶ
228 1782 429 1845 λιμένων
455 1785 530 1833 καὶ
561 1787 655 1832 τῶν
681 1782 954 1833 ἀκολούθων
981 1782 1160 1836 τούτοις
1198 1787 1407 1832 τοιοῦτον
1443 1786 1517 1832 καὶ
1552 1805 1632 1833 το-

127 1870 300 1916 σοῦτον
338 1864 607 1916 ῐκατέλιπον
645 1867 820 1927 ἐκεῖνοι,
861 1865 984 1916 ὥστε
1027 1868 1187 1929 μηδενὶ
1231 1869 1326 1915 τῶν
1365 1866 1632 1929 ἕέπιγιγνο-

95 1998 97 2000 ,
126 1949 277 2011 μένων
318 1947 588 2014 ὑπερβολὴν
629 1952 891 2016 λελεῖφθαι,
932 1947 1205 2014 προπύλαια
1249 1953 1409 2008 ταῦτα,
1453 1946 1632 1997 ᾖνεώσ-

127 2054 257 2089 οικοι,
297 2033 449 2093 στοαὶ,
493 2030 684 2088 ἱτιῖίλλα,
731 2030 797 2085 οἷς
848 2033 1007 2082 ἐκεῖνοι
1057 2030 1388 2094 κοσμήσαντες
1427 2030 1512 2094 τὴν
1549 2030 1633 2082 πό-
1651 2057 1688 2087 25

178 2179 188 2206 ¹
205 2181 283 2215 ἀλλ’
304 2182 462 2216 additum
482 2194 525 2216 ex
545 2182 580 2216 S.
701 2188 731 2206 m
751 2181 899 2225 δύνησθε
921 2183 955 2216 S.
978 2188 1012 2215 et
1033 2182 1177 2215 correcti
1198 2182 1274 2215 Y.v.
1305 2181 1497 2224 δυνήσεσθε
1516 2182 1633 2226 vulgo.

124 2240 144 2259 Π
164 2234 351 2280 κρείττους]
374 2234 534 2276 βελτίους
554 2235 722 2269 F.Y.O.V.
807 2240 824 2260 0
844 2236 904 2278 μὲν
926 2235 960 2269 S.
994 2235 1193 2280 Legebatur
1212 2235 1272 2278 μὲν
1292 2234 1415 2267 τοίνυν.
1504 2239 1523 2266 P
1544 2235 1635 2267 ἑκόν-

124 2335 190 2354 των
209 2321 344 2367 ἐκεῖνοι]
369 2323 486 2356 ἐκεῖνοι
506 2323 647 2356 ἑκόντων
666 2334 698 2356 v.
845 2328 863 2355 q
883 2321 1068 2368 ἀνήγαγον]
1093 2304 1287 2366 (ξυνήγαγον
1307 2320 1345 2354 F.
1377 2319 1570 2365 συνήγαγον
1588 2320 1633 2355 Y.

125 2373 204 2407 ΟΝ.
331 2380 346 2399 1·
366 2375 459 2418 ἡμεῖς
477 2375 594 2408 addidi
615 2387 658 2408 ex
679 2375 715 2408 S.
849 2380 863 2399 S
884 2373 1032 2418 νομίζετε
1052 2376 1158 2407 ταῦτα
1177 2374 1261 2408 A.S.
1311 2373 1511 2418 Legebatur
1530 2375 1636 2406 ταῦτα

125 2427 283 2470 νομίζετε.
368 2427 381 2451 t
401 2428 617 2471 θαυμάζωμεν
639 2428 675 2462 S.
707 2428 907 2472 Legebatur
923 2428 1141 2470 θαυμάζωμεν
1160 2427 1274 2469 μόνον.
1307 2426 1412 2459 Conf.
1436 2438 1471 2470 p.
1494 2436 1579 2465 201,
1597 2434 1633 2471 5.

1443 2484 1459 2499 ’χ

124 2517 146 2536 ¹¹
165 2513 367 2558 θεωροῦντες
385 2514 469 2547 αὐτὰ
491 2515 527 2548 S.
559 2514 758 2559 Legebatur
778 2514 862 2547 αὐτὰ
882 2514 1098 2558 θεωροῦντες.
1173 2518 1193 2536 Χ
1206 2511 1390 2556 ἀνήλωται]
1410 2511 1577 2554 ἀνηλωται
1594 2511 1633 2544 F.

125 2570 144 2598 y
162 2564 354 2612 Ἑλλήνων]
379 2567 494 2601 ἄλλων
514 2567 664 2609 ἐλλὴνων
684 2581 740 2612 γρ,
763 2567 802 2600 F.
832 2567 947 2599 ι’ίλλων
967 2567 1137 2599 insertum
1156 2566 1192 2598 in
1214 2565 1262 2604 S.,
1280 2576 1402 2598 verum
1421 2576 1493 2597 non
1513 2576 1533 2597 a
1550 2575 1633 2605 rec„

125 2619 185 2651 sed
205 2630 225 2651 a
242 2631 296 2664 pr.
317 2631 436 2653 manu.
560 2625 578 2644 Z
598 2619 762 2664 ἀπόρους]
786 2620 1004 2653 ἀποστόλους
1023 2630 1145 2663 margo
1165 2618 1206 2650 Y.
1229 2623 1263 2650 et
1282 2631 1338 2662 γρ.
1361 2618 1401 2650 F.
1518 2621 1536 2640 a
1556 2617 1632 2660 ἐξα-

402 2678 418 2694 α

124 2703 304 2751 νήλωνται]
330 2706 554 2750 ἐξανηλωνται
576 2706 614 2738 F.
689 2703 706 2730 b
730 2706 782 2738 καὶ
802 2706 842 2738 τὰ
863 2705 954 2738 κοινὰ
974 2716 1044 2738 om.
1068 2704 1102 2736 S.
1123 2704 1160 2737 in
1181 2715 1290 2748 marg.
1313 2703 1419 2735 habet
1437 2702 1479 2734 A.
1559 2707 1575 2726 C
1593 2703 1635 2735 τὰ

124 2763 204 2790 ante
223 2759 313 2802 παρὰ
332 2771 400 2792 om.
424 2758 467 2792 O.
604 2755 622 2782 d
641 2758 719 2791 ἀλλ’
741 2757 759 2791 ὅ
778 2757 828 2802 τι]
853 2757 943 2789 ἀλλὰ
962 2758 996 2789 τί
1017 2757 1093 2790 Fx.
1224 2761 1239 2779 θ
1259 2756 1311 2788 καὶ
1332 2766 1401 2788 om.
1423 2753 1632 2788 F.S.Y.O.v.

124 2805 140 2833 f
155 2811 349 2856 κατέλιπον]
375 2811 578 2844 κατέλειπον
600 2811 636 2845 S.
769 2816 784 2839 g
804 2809 1084 2854 ἐπιγιγνομένων]
1109 2809 1316 2853 γιγνομένων
1336 2820 1387 2852 pr.
1410 2807 1457 2847 S„
1479 2807 1542 2840 sed
1561 2807 1634 2840 ἐπι..

124 2862 329 2906 γιγνομένων
348 2864 499 2897 conexit
519 2864 631 2908 prima
650 2875 788 2897 manus.
946 2859 966 2885 h
996 2860 1187 2905 νεώσοικοι]
1212 2862 1229 2892 ὁ
1249 2860 1437 2905 παρθενών,
1459 2861 1634 2893 νεώσοικοι

122 2914 291 2949 Aristides
310 2916 346 2949 iu
366 2916 490 2950 Walzii
510 2917 614 2950 Rhet.
635 2916 702 2949 vol.
724 2926 760 2962 9.
782 2927 815 2960 p.
831 2914 922 2959 363.
1036 2911 1044 2937 i
1065 2914 1177 2946 τίίλλα
1196 2925 1265 2946 om.
1286 2925 1337 2958 pr.
1361 2912 1397 2946 S.

180 2989 278 3015 νοῐ..
303 2989 331 3015 1.
852 2989 872 3013 R
897 2974 923 3014 b

0 2759 9 2956 l

0 3089 8 3250 1
