<?xml version="1.0" encoding="UTF-8"?>
<!DOCTYPE html PUBLIC "-//W3C//DTD XHTML 1.0 Transitional//EN"
    "http://www.w3.org/TR/xhtml1/DTD/xhtml1-transitional.dtd">
<html xmlns="http://www.w3.org/1999/xhtml" xml:lang="en" lang="en">
 <head>
  <title>
</title>
<meta http-equiv="Content-Type" content="text/html;charset=utf-8" />
  <meta name='ocr-system' content='tesseract 3.04.00' />
  <meta name='ocr-capabilities' content='ocr_page ocr_carea ocr_par ocr_line ocrx_word'/>
</head>
<body>
  <div class='ocr_page' id='page_1' title='image "./operaexrecension01demouoft_0013.png"; bbox 0 0 1882 3250; ppageno 0'>
   <div class='ocr_carea' id='block_1_1' title="bbox 679 160 1598 204">
    <p class='ocr_par' dir='ltr' id='par_1_1' title="bbox 679 160 1598 204">
     <span class='ocr_line' id='line_1_1' title="bbox 679 160 1598 204; baseline -0.005 0"><span class='ocrx_word' id='word_1_1' title='bbox 679 163 1019 204; x_wconf 84' lang='lat' dir='ltr'><strong>PRAEFATIO</strong></span> <span class='ocrx_word' id='word_1_2' title='bbox 1558 160 1598 199; x_wconf 85' lang='lat' dir='ltr'>ix</span> 
     </span>
    </p>
   </div>
   <div class='ocr_carea' id='block_1_2' title="bbox 82 273 1600 2924">
    <p class='ocr_par' dir='ltr' id='par_1_2' title="bbox 82 273 1600 2924">
     <span class='ocr_line' id='line_1_2' title="bbox 91 273 1599 340; baseline -0.004 -17"><span class='ocrx_word' id='word_1_3' title='bbox 91 277 325 323; x_wconf 87' lang='lat' dir='ltr'>orationes</span> <span class='ocrx_word' id='word_1_4' title='bbox 360 275 590 340; x_wconf 81' lang='lat' dir='ltr'>pertinuit</span> <span class='ocrx_word' id='word_1_5' title='bbox 627 276 891 322; x_wconf 87' lang='lat' dir='ltr'>seeundum</span> <span class='ocrx_word' id='word_1_6' title='bbox 931 275 1107 320; x_wconf 88' lang='lat' dir='ltr'>codicis</span> <span class='ocrx_word' id='word_1_7' title='bbox 1143 273 1357 319; x_wconf 88' lang='lat' dir='ltr'>ordinem</span> <span class='ocrx_word' id='word_1_8' title='bbox 1396 290 1421 318; x_wconf 86' lang='lat' dir='ltr'>a</span> <span class='ocrx_word' id='word_1_9' title='bbox 1445 273 1599 335; x_wconf 89' lang='lat' dir='ltr'>prima</span> 
     </span>
     <span class='ocr_line' id='line_1_3' title="bbox 90 348 1598 415; baseline -0.004 -17"><span class='ocrx_word' id='word_1_10' title='bbox 90 370 240 414; x_wconf 86' lang='lat' dir='ltr'>usque</span> <span class='ocrx_word' id='word_1_11' title='bbox 265 352 321 398; x_wconf 86' lang='lat' dir='ltr'>ad</span> <span class='ocrx_word' id='word_1_12' title='bbox 347 351 759 414; x_wconf 80' lang='lat' dir='ltr'>quadragesimam</span> <span class='ocrx_word' id='word_1_13' title='bbox 796 351 1018 415; x_wconf 77' lang='lat' dir='ltr'>primam.</span> <span class='ocrx_word' id='word_1_14' title='bbox 1091 350 1215 395; x_wconf 87' lang='lat' dir='ltr'>Nam</span> <span class='ocrx_word' id='word_1_15' title='bbox 1255 348 1453 394; x_wconf 89' lang='lat' dir='ltr'>orationi</span> <span class='ocrx_word' id='word_1_16' title='bbox 1483 365 1598 409; x_wconf 90' lang='lat' dir='ltr'>qua-</span> 
     </span>
     <span class='ocr_line' id='line_1_4' title="bbox 89 424 1600 490; baseline -0.003 -18"><span class='ocrx_word' id='word_1_17' title='bbox 89 427 366 490; x_wconf 79' lang='lat' dir='ltr'>dragesimae</span> <span class='ocrx_word' id='word_1_18' title='bbox 402 428 585 490; x_wconf 79' lang='lat' dir='ltr'>primae,</span> <span class='ocrx_word' id='word_1_19' title='bbox 613 444 718 488; x_wconf 86' lang='lat' dir='ltr'>quae</span> <span class='ocrx_word' id='word_1_20' title='bbox 756 427 892 472; x_wconf 91' lang='lat' dir='ltr'>nobis</span> <span class='ocrx_word' id='word_1_21' title='bbox 930 435 1000 471; x_wconf 89' lang='lat' dir='ltr'>est</span> <span class='ocrx_word' id='word_1_22' title='bbox 1024 425 1265 488; x_wconf 81' lang='lat' dir='ltr'>trigesima</span> <span class='ocrx_word' id='word_1_23' title='bbox 1291 424 1461 487; x_wconf 79' lang='lat' dir='ltr'>prima,</span> <span class='ocrx_word' id='word_1_24' title='bbox 1489 424 1600 468; x_wconf 93' lang='lat' dir='ltr'>sub-</span> 
     </span>
     <span class='ocr_line' id='line_1_5' title="bbox 89 499 1597 565; baseline -0.003 -18"><span class='ocrx_word' id='word_1_25' title='bbox 89 503 318 565; x_wconf 77' lang='lat' dir='ltr'>scriptum</span> <span class='ocrx_word' id='word_1_26' title='bbox 347 512 417 547; x_wconf 81' lang='lat' dir='ltr'>est</span> <span class='ocrx_word' id='word_1_27' title='bbox 441 505 513 552; x_wconf 83' lang='grc' dir='ltr'>ἕως</span> <span class='ocrx_word' id='word_1_28' title='bbox 535 502 614 548; x_wconf 70' lang='grc' dir='ltr'>ὧδε</span> <span class='ocrx_word' id='word_1_29' title='bbox 638 503 892 565; x_wconf 73' lang='grc' dir='ltr'><em>διώρθωται,</em></span> <span class='ocrx_word' id='word_1_30' title='bbox 917 519 1005 546; x_wconf 87' lang='lat' dir='ltr'>nec</span> <span class='ocrx_word' id='word_1_31' title='bbox 1042 510 1149 563; x_wconf 89' lang='lat' dir='ltr'>post</span> <span class='ocrx_word' id='word_1_32' title='bbox 1182 500 1305 546; x_wconf 88' lang='lat' dir='ltr'>hanc</span> <span class='ocrx_word' id='word_1_33' title='bbox 1334 499 1597 544; x_wconf 85' lang='lat' dir='ltr'>orationem</span> 
     </span>
     <span class='ocr_line' id='line_1_6' title="bbox 91 576 1598 641; baseline -0.002 -18"><span class='ocrx_word' id='word_1_34' title='bbox 91 595 259 623; x_wconf 86' lang='lat' dir='ltr'>manus</span> <span class='ocrx_word' id='word_1_35' title='bbox 295 578 375 623; x_wconf 86' lang='lat' dir='ltr'>illa</span> <span class='ocrx_word' id='word_1_36' title='bbox 407 595 610 639; x_wconf 83' lang='lat' dir='ltr'>usquam</span> <span class='ocrx_word' id='word_1_37' title='bbox 648 578 853 641; x_wconf 88' lang='lat' dir='ltr'>amplius</span> <span class='ocrx_word' id='word_1_38' title='bbox 891 586 1102 640; x_wconf 77' lang='lat' dir='ltr'>apparet,</span> <span class='ocrx_word' id='word_1_39' title='bbox 1138 577 1225 621; x_wconf 86' lang='lat' dir='ltr'>nisi</span> <span class='ocrx_word' id='word_1_40' title='bbox 1262 576 1381 621; x_wconf 87' lang='lat' dir='ltr'>forte</span> <span class='ocrx_word' id='word_1_41' title='bbox 1415 576 1462 620; x_wconf 90' lang='lat' dir='ltr'>in</span> <span class='ocrx_word' id='word_1_42' title='bbox 1497 593 1598 620; x_wconf 86' lang='lat' dir='ltr'>ora-</span> 
     </span>
     <span class='ocr_line' id='line_1_7' title="bbox 87 651 1599 717; baseline -0.003 -18"><span class='ocrx_word' id='word_1_43' title='bbox 87 655 216 699; x_wconf 89' lang='lat' dir='ltr'>tione</span> <span class='ocrx_word' id='word_1_44' title='bbox 253 655 320 709; x_wconf 81' lang='grc' dir='ltr'>νβ’</span> <span class='ocrx_word' id='word_1_45' title='bbox 347 654 504 713; x_wconf 87' lang='lat' dir='ltr'>(nobis</span> <span class='ocrx_word' id='word_1_46' title='bbox 531 657 627 716; x_wconf 75' lang='lat'>39.)</span> <span class='ocrx_word' id='word_1_47' title='bbox 653 654 817 717; x_wconf 82' lang='lat' dir='ltr'>paucis</span> <span class='ocrx_word' id='word_1_48' title='bbox 843 653 1126 715; x_wconf 89' lang='lat' dir='ltr'>quibusdam</span> <span class='ocrx_word' id='word_1_49' title='bbox 1169 653 1215 697; x_wconf 92' lang='lat' dir='ltr'>in</span> <span class='ocrx_word' id='word_1_50' title='bbox 1253 652 1382 697; x_wconf 85' lang='lat' dir='ltr'>locis.</span> <span class='ocrx_word' id='word_1_51' title='bbox 1453 651 1599 696; x_wconf 89' lang='lat' dir='ltr'>Porro</span> 
     </span>
     <span class='ocr_line' id='line_1_8' title="bbox 89 728 1598 784; baseline -0.003 -9"><span class='ocrx_word' id='word_1_52' title='bbox 89 731 148 775; x_wconf 89' lang='lat' dir='ltr'>ab</span> <span class='ocrx_word' id='word_1_53' title='bbox 185 729 366 783; x_wconf 84' lang='lat' dir='ltr'>eadem,</span> <span class='ocrx_word' id='word_1_54' title='bbox 399 739 450 775; x_wconf 87' lang='lat' dir='ltr'>ut</span> <span class='ocrx_word' id='word_1_55' title='bbox 481 730 680 784; x_wconf 86' lang='lat' dir='ltr'>videtur,</span> <span class='ocrx_word' id='word_1_56' title='bbox 717 747 861 775; x_wconf 87' lang='lat' dir='ltr'>manu</span> <span class='ocrx_word' id='word_1_57' title='bbox 902 730 982 774; x_wconf 86' lang='lat' dir='ltr'>illa</span> <span class='ocrx_word' id='word_1_58' title='bbox 1014 728 1452 773; x_wconf 78' lang='lat' dir='ltr'>ANTEBAHeH</span> <span class='ocrx_word' id='word_1_59' title='bbox 1491 728 1598 772; x_wconf 88' lang='lat' dir='ltr'>sub-</span> 
     </span>
     <span class='ocr_line' id='line_1_9' title="bbox 90 804 1599 869; baseline -0.003 -17"><span class='ocrx_word' id='word_1_60' title='bbox 90 806 319 869; x_wconf 86' lang='lat' dir='ltr'>scriptum</span> <span class='ocrx_word' id='word_1_61' title='bbox 361 815 431 851; x_wconf 85' lang='lat' dir='ltr'>est</span> <span class='ocrx_word' id='word_1_62' title='bbox 472 806 765 851; x_wconf 87' lang='lat' dir='ltr'>orationibus</span> <span class='ocrx_word' id='word_1_63' title='bbox 808 805 866 851; x_wconf 90' lang='lat' dir='ltr'>de</span> <span class='ocrx_word' id='word_1_64' title='bbox 909 805 1026 850; x_wconf 84' lang='lat' dir='ltr'>falsa</span> <span class='ocrx_word' id='word_1_65' title='bbox 1068 804 1304 867; x_wconf 78' lang='lat' dir='ltr'>legatione</span> <span class='ocrx_word' id='word_1_66' title='bbox 1347 812 1394 848; x_wconf 85' lang='lat' dir='ltr'>et</span> <span class='ocrx_word' id='word_1_67' title='bbox 1435 811 1599 848; x_wconf 87' lang='lat' dir='ltr'>contra</span> 
     </span>
     <span class='ocr_line' id='line_1_10' title="bbox 87 880 1597 945; baseline -0.002 -17"><span class='ocrx_word' id='word_1_68' title='bbox 87 882 462 945; x_wconf 78' lang='lat' dir='ltr'>Aristogitonem</span> <span class='ocrx_word' id='word_1_69' title='bbox 507 883 655 928; x_wconf 87' lang='lat' dir='ltr'>alteri.</span> <span class='ocrx_word' id='word_1_70' title='bbox 727 883 838 940; x_wconf 86' lang='lat' dir='ltr'>Quo</span> <span class='ocrx_word' id='word_1_71' title='bbox 878 882 1176 945; x_wconf 81' lang='lat' dir='ltr'>significatur</span> <span class='ocrx_word' id='word_1_72' title='bbox 1209 881 1457 943; x_wconf 86' lang='lat' dir='ltr'>exemplar</span> <span class='ocrx_word' id='word_1_73' title='bbox 1504 880 1597 925; x_wconf 87' lang='lat' dir='ltr'>hoc</span> 
     </span>
     <span class='ocr_line' id='line_1_11' title="bbox 89 956 1597 1022; baseline -0.003 -18"><span class='ocrx_word' id='word_1_74' title='bbox 89 976 198 1004; x_wconf 91' lang='lat' dir='ltr'>cum</span> <span class='ocrx_word' id='word_1_75' title='bbox 227 959 318 1004; x_wconf 86' lang='lat' dir='ltr'>alio</span> <span class='ocrx_word' id='word_1_76' title='bbox 343 959 605 1022; x_wconf 83' lang='lat' dir='ltr'>exemplari</span> <span class='ocrx_word' id='word_1_77' title='bbox 633 977 733 1005; x_wconf 86' lang='lat' dir='ltr'>esse</span> <span class='ocrx_word' id='word_1_78' title='bbox 759 959 1000 1012; x_wconf 86' lang='lat' dir='ltr'>collatum,</span> <span class='ocrx_word' id='word_1_79' title='bbox 1022 975 1083 1003; x_wconf 81' lang='lat' dir='ltr'>ex</span> <span class='ocrx_word' id='word_1_80' title='bbox 1106 975 1200 1019; x_wconf 92' lang='lat' dir='ltr'>quo</span> <span class='ocrx_word' id='word_1_81' title='bbox 1218 957 1414 1002; x_wconf 86' lang='lat' dir='ltr'>fortasse</span> <span class='ocrx_word' id='word_1_82' title='bbox 1441 956 1597 1001; x_wconf 88' lang='lat' dir='ltr'>omnis</span> 
     </span>
     <span class='ocr_line' id='line_1_12' title="bbox 88 1032 1598 1090; baseline -0.002 -11"><span class='ocrx_word' id='word_1_83' title='bbox 88 1034 167 1079; x_wconf 91' lang='lat' dir='ltr'>illa</span> <span class='ocrx_word' id='word_1_84' title='bbox 193 1033 336 1079; x_wconf 87' lang='lat' dir='ltr'>ducta</span> <span class='ocrx_word' id='word_1_85' title='bbox 362 1043 432 1079; x_wconf 88' lang='lat' dir='ltr'>est</span> <span class='ocrx_word' id='word_1_86' title='bbox 458 1035 674 1080; x_wconf 88' lang='lat' dir='ltr'>lectionis</span> <span class='ocrx_word' id='word_1_87' title='bbox 700 1034 960 1080; x_wconf 81' lang='lat' dir='ltr'>diversitas,</span> <span class='ocrx_word' id='word_1_88' title='bbox 1032 1032 1216 1090; x_wconf 80' lang='lat' dir='ltr'>Quodsi</span> <span class='ocrx_word' id='word_1_89' title='bbox 1248 1032 1470 1077; x_wconf 84' lang='lat' dir='ltr'>detractis</span> <span class='ocrx_word' id='word_1_90' title='bbox 1496 1049 1598 1076; x_wconf 89' lang='lat' dir='ltr'>om-</span> 
     </span>
     <span class='ocr_line' id='line_1_13' title="bbox 88 1106 1599 1155; baseline -0.002 0"><span class='ocrx_word' id='word_1_91' title='bbox 88 1110 226 1155; x_wconf 86' lang='lat' dir='ltr'>nibus</span> <span class='ocrx_word' id='word_1_92' title='bbox 260 1109 333 1155; x_wconf 91' lang='lat' dir='ltr'>his</span> <span class='ocrx_word' id='word_1_93' title='bbox 367 1110 628 1155; x_wconf 86' lang='lat' dir='ltr'>alienarum</span> <span class='ocrx_word' id='word_1_94' title='bbox 661 1127 891 1155; x_wconf 88' lang='lat' dir='ltr'>manuum</span> <span class='ocrx_word' id='word_1_95' title='bbox 924 1118 971 1154; x_wconf 84' lang='lat' dir='ltr'>et</span> <span class='ocrx_word' id='word_1_96' title='bbox 998 1108 1370 1154; x_wconf 73' lang='lat' dir='ltr'>correctionibus</span> <span class='ocrx_word' id='word_1_97' title='bbox 1397 1115 1444 1152; x_wconf 87' lang='lat' dir='ltr'>et</span> <span class='ocrx_word' id='word_1_98' title='bbox 1468 1106 1599 1152; x_wconf 83' lang='lat' dir='ltr'>addi-</span> 
     </span>
     <span class='ocr_line' id='line_1_14' title="bbox 84 1184 1599 1248; baseline -0.001 -18"><span class='ocrx_word' id='word_1_99' title='bbox 84 1185 308 1230; x_wconf 88' lang='lat' dir='ltr'>tamentis</span> <span class='ocrx_word' id='word_1_100' title='bbox 335 1185 550 1230; x_wconf 86' lang='lat' dir='ltr'>codicem</span> <span class='ocrx_word' id='word_1_101' title='bbox 576 1186 728 1247; x_wconf 90' lang='lat' dir='ltr'>qualis</span> <span class='ocrx_word' id='word_1_102' title='bbox 755 1203 780 1230; x_wconf 93' lang='lat' dir='ltr'>a</span> <span class='ocrx_word' id='word_1_103' title='bbox 804 1185 959 1248; x_wconf 86' lang='lat' dir='ltr'>prima</span> <span class='ocrx_word' id='word_1_104' title='bbox 989 1202 1131 1229; x_wconf 86' lang='lat' dir='ltr'>manu</span> <span class='ocrx_word' id='word_1_105' title='bbox 1160 1184 1362 1246; x_wconf 87' lang='lat' dir='ltr'>scriptus</span> <span class='ocrx_word' id='word_1_106' title='bbox 1389 1191 1459 1229; x_wconf 91' lang='lat' dir='ltr'>est</span> <span class='ocrx_word' id='word_1_107' title='bbox 1485 1201 1599 1228; x_wconf 90' lang='lat' dir='ltr'>con-</span> 
     </span>
     <span class='ocr_line' id='line_1_15' title="bbox 86 1258 1600 1321; baseline -0.001 -16"><span class='ocrx_word' id='word_1_108' title='bbox 86 1259 345 1305; x_wconf 83' lang='lat' dir='ltr'>sideramus</span> <span class='ocrx_word' id='word_1_109' title='bbox 372 1270 418 1305; x_wconf 87' lang='lat' dir='ltr'>et</span> <span class='ocrx_word' id='word_1_110' title='bbox 443 1277 552 1306; x_wconf 87' lang='lat' dir='ltr'>cum</span> <span class='ocrx_word' id='word_1_111' title='bbox 586 1261 811 1306; x_wconf 86' lang='lat' dir='ltr'>librorum</span> <span class='ocrx_word' id='word_1_112' title='bbox 846 1269 1109 1305; x_wconf 86' lang='lat' dir='ltr'>ceterorum</span> <span class='ocrx_word' id='word_1_113' title='bbox 1136 1260 1207 1304; x_wconf 84' lang='lat' dir='ltr'>vel</span> <span class='ocrx_word' id='word_1_114' title='bbox 1237 1258 1432 1321; x_wconf 88' lang='lat' dir='ltr'>optimis</span> <span class='ocrx_word' id='word_1_115' title='bbox 1470 1276 1600 1303; x_wconf 84' lang='lat' dir='ltr'>coni-</span> 
     </span>
     <span class='ocr_line' id='line_1_16' title="bbox 84 1334 1600 1399; baseline -0.001 -18"><span class='ocrx_word' id='word_1_116' title='bbox 84 1354 323 1399; x_wconf 80' lang='lat' dir='ltr'>paramus,</span> <span class='ocrx_word' id='word_1_117' title='bbox 355 1345 542 1382; x_wconf 86' lang='lat' dir='ltr'>tantum</span> <span class='ocrx_word' id='word_1_118' title='bbox 580 1337 660 1382; x_wconf 90' lang='lat' dir='ltr'>ille</span> <span class='ocrx_word' id='word_1_119' title='bbox 692 1337 916 1382; x_wconf 86' lang='lat' dir='ltr'>omnibus</span> <span class='ocrx_word' id='word_1_120' title='bbox 955 1353 1156 1397; x_wconf 86' lang='lat' dir='ltr'>quorum</span> <span class='ocrx_word' id='word_1_121' title='bbox 1198 1334 1417 1380; x_wconf 82' lang='lat' dir='ltr'>notitiam</span> <span class='ocrx_word' id='word_1_122' title='bbox 1453 1334 1600 1380; x_wconf 86' lang='lat' dir='ltr'>habe-</span> 
     </span>
     <span class='ocr_line' id='line_1_17' title="bbox 86 1410 1598 1475; baseline -0.001 -18"><span class='ocrx_word' id='word_1_123' title='bbox 86 1429 191 1457; x_wconf 88' lang='lat' dir='ltr'>mus</span> <span class='ocrx_word' id='word_1_124' title='bbox 230 1421 451 1475; x_wconf 82' lang='lat' dir='ltr'>praestare</span> <span class='ocrx_word' id='word_1_125' title='bbox 489 1411 883 1458; x_wconf 88' lang='lat' dir='ltr'>animadvertitur</span> <span class='ocrx_word' id='word_1_126' title='bbox 918 1421 970 1456; x_wconf 88' lang='lat' dir='ltr'>ut</span> <span class='ocrx_word' id='word_1_127' title='bbox 1011 1410 1224 1456; x_wconf 86' lang='lat' dir='ltr'>centenis</span> <span class='ocrx_word' id='word_1_128' title='bbox 1262 1410 1310 1455; x_wconf 91' lang='lat' dir='ltr'>in</span> <span class='ocrx_word' id='word_1_129' title='bbox 1347 1410 1462 1455; x_wconf 88' lang='lat' dir='ltr'>locis</span> <span class='ocrx_word' id='word_1_130' title='bbox 1496 1410 1598 1471; x_wconf 85' lang='lat' dir='ltr'>ejus</span> 
     </span>
     <span class='ocr_line' id='line_1_18' title="bbox 84 1487 1598 1549; baseline -0.001 -16"><span class='ocrx_word' id='word_1_131' title='bbox 84 1488 224 1533; x_wconf 88' lang='lat' dir='ltr'>unius</span> <span class='ocrx_word' id='word_1_132' title='bbox 263 1487 414 1548; x_wconf 85' lang='lat' dir='ltr'>major</span> <span class='ocrx_word' id='word_1_133' title='bbox 449 1505 592 1549; x_wconf 81' lang='lat' dir='ltr'>quain</span> <span class='ocrx_word' id='word_1_134' title='bbox 629 1498 893 1534; x_wconf 87' lang='lat' dir='ltr'>ceterorum</span> <span class='ocrx_word' id='word_1_135' title='bbox 934 1487 1302 1548; x_wconf 86' lang='lat' dir='ltr'>conjunctorum</span> <span class='ocrx_word' id='word_1_136' title='bbox 1343 1487 1598 1532; x_wconf 80' lang='lat' dir='ltr'>auctoritas</span> 
     </span>
     <span class='ocr_line' id='line_1_19' title="bbox 85 1562 1594 1627; baseline -0.001 -19"><span class='ocrx_word' id='word_1_137' title='bbox 85 1563 144 1609; x_wconf 88' lang='lat' dir='ltr'>sit</span> <span class='ocrx_word' id='word_1_138' title='bbox 170 1563 405 1609; x_wconf 91' lang='lat' dir='ltr'>habenda.</span> <span class='ocrx_word' id='word_1_139' title='bbox 449 1564 575 1609; x_wconf 86' lang='lat' dir='ltr'>Nam</span> <span class='ocrx_word' id='word_1_140' title='bbox 603 1581 707 1626; x_wconf 83' lang='lat' dir='ltr'>quae</span> <span class='ocrx_word' id='word_1_141' title='bbox 733 1564 773 1609; x_wconf 87' lang='lat' dir='ltr'>ei</span> <span class='ocrx_word' id='word_1_142' title='bbox 800 1563 1004 1627; x_wconf 78' lang='lat' dir='ltr'>propriae</span> <span class='ocrx_word' id='word_1_143' title='bbox 1032 1571 1142 1608; x_wconf 86' lang='lat' dir='ltr'>sunt</span> <span class='ocrx_word' id='word_1_144' title='bbox 1163 1562 1405 1617; x_wconf 74' lang='lat' dir='ltr'>lectiones,</span> <span class='ocrx_word' id='word_1_145' title='bbox 1433 1579 1594 1608; x_wconf 87' lang='lat' dir='ltr'>carum</span> 
     </span>
     <span class='ocr_line' id='line_1_20' title="bbox 84 1639 1599 1703; baseline -0.001 -19"><span class='ocrx_word' id='word_1_146' title='bbox 84 1657 178 1684; x_wconf 90' lang='lat' dir='ltr'>non</span> <span class='ocrx_word' id='word_1_147' title='bbox 207 1639 361 1684; x_wconf 90' lang='lat' dir='ltr'>solum</span> <span class='ocrx_word' id='word_1_148' title='bbox 387 1639 607 1702; x_wconf 84' lang='lat' dir='ltr'>plurimae</span> <span class='ocrx_word' id='word_1_149' title='bbox 632 1658 719 1703; x_wconf 89' lang='lat' dir='ltr'>per</span> <span class='ocrx_word' id='word_1_150' title='bbox 746 1657 792 1685; x_wconf 90' lang='lat' dir='ltr'>se</span> <span class='ocrx_word' id='word_1_151' title='bbox 827 1647 1052 1703; x_wconf 84' lang='lat' dir='ltr'>spectatae</span> <span class='ocrx_word' id='word_1_152' title='bbox 1077 1656 1243 1684; x_wconf 85' lang='lat' dir='ltr'>omnes</span> <span class='ocrx_word' id='word_1_153' title='bbox 1274 1639 1454 1684; x_wconf 88' lang='lat' dir='ltr'>habent</span> <span class='ocrx_word' id='word_1_154' title='bbox 1479 1639 1599 1684; x_wconf 85' lang='lat' dir='ltr'>veri-</span> 
     </span>
     <span class='ocr_line' id='line_1_21' title="bbox 82 1715 1597 1779; baseline 0 -18"><span class='ocrx_word' id='word_1_155' title='bbox 82 1715 191 1761; x_wconf 87' lang='lat' dir='ltr'>tatis</span> <span class='ocrx_word' id='word_1_156' title='bbox 218 1733 459 1772; x_wconf 82' lang='lat' dir='ltr'>numeros,</span> <span class='ocrx_word' id='word_1_157' title='bbox 486 1716 567 1762; x_wconf 89' lang='lat' dir='ltr'>sed</span> <span class='ocrx_word' id='word_1_158' title='bbox 591 1717 734 1762; x_wconf 85' lang='lat' dir='ltr'>etiam</span> <span class='ocrx_word' id='word_1_159' title='bbox 767 1734 862 1762; x_wconf 88' lang='lat' dir='ltr'>nou</span> <span class='ocrx_word' id='word_1_160' title='bbox 897 1733 1061 1779; x_wconf 82' lang='lat' dir='ltr'>paucae</span> <span class='ocrx_word' id='word_1_161' title='bbox 1099 1716 1521 1779; x_wconf 83' lang='lat' dir='ltr'>grammaticorum</span> <span class='ocrx_word' id='word_1_162' title='bbox 1549 1724 1597 1761; x_wconf 86' lang='lat' dir='ltr'>et</span> 
     </span>
     <span class='ocr_line' id='line_1_22' title="bbox 83 1791 1597 1854; baseline 0 -18"><span class='ocrx_word' id='word_1_163' title='bbox 83 1791 326 1836; x_wconf 85' lang='lat' dir='ltr'>rhetorum</span> <span class='ocrx_word' id='word_1_164' title='bbox 355 1792 758 1837; x_wconf 83' lang='lat' dir='ltr'>Demostlienicos</span> <span class='ocrx_word' id='word_1_165' title='bbox 790 1792 919 1838; x_wconf 87' lang='lat' dir='ltr'>locos</span> <span class='ocrx_word' id='word_1_166' title='bbox 950 1792 1220 1848; x_wconf 61' lang='lat' dir='ltr'>ditantium,</span> <span class='ocrx_word' id='word_1_167' title='bbox 1247 1801 1299 1837; x_wconf 82' lang='lat' dir='ltr'>ut</span> <span class='ocrx_word' id='word_1_168' title='bbox 1325 1791 1597 1854; x_wconf 86' lang='lat' dir='ltr'>Harpocra-</span> 
     </span>
     <span class='ocr_line' id='line_1_23' title="bbox 82 1870 1596 1934; baseline 0.001 -19"><span class='ocrx_word' id='word_1_169' title='bbox 82 1870 242 1927; x_wconf 82' lang='lat' dir='ltr'>tionis,</span> <span class='ocrx_word' id='word_1_170' title='bbox 269 1870 490 1934; x_wconf 85' lang='lat' dir='ltr'>Dionysii</span> <span class='ocrx_word' id='word_1_171' title='bbox 516 1872 969 1927; x_wconf 76' lang='lat' dir='ltr'>Halicarnassensis,</span> <span class='ocrx_word' id='word_1_172' title='bbox 996 1871 1335 1934; x_wconf 71' lang='lat' dir='ltr'>Hermogenis²</span> <span class='ocrx_word' id='word_1_173' title='bbox 1357 1871 1596 1925; x_wconf 85' lang='lat' dir='ltr'>Aristidis,</span> 
     </span>
     <span class='ocr_line' id='line_1_24' title="bbox 85 1947 1596 2009; baseline 0.001 -17"><span class='ocrx_word' id='word_1_174' title='bbox 85 1964 318 1992; x_wconf 89' lang='lat' dir='ltr'>consensu</span> <span class='ocrx_word' id='word_1_175' title='bbox 348 1949 707 1993; x_wconf 88' lang='lat' dir='ltr'>confirmantur.</span> <span class='ocrx_word' id='word_1_176' title='bbox 779 1948 939 2005; x_wconf 85' lang='lat' dir='ltr'>Quare</span> <span class='ocrx_word' id='word_1_177' title='bbox 978 1966 1072 1993; x_wconf 93' lang='lat' dir='ltr'>non</span> <span class='ocrx_word' id='word_1_178' title='bbox 1109 1947 1321 1993; x_wconf 86' lang='lat' dir='ltr'>dubitavi</span> <span class='ocrx_word' id='word_1_179' title='bbox 1360 1947 1417 1993; x_wconf 85' lang='lat' dir='ltr'>ad</span> <span class='ocrx_word' id='word_1_180' title='bbox 1455 1948 1596 2009; x_wconf 89' lang='lat' dir='ltr'>hujus</span> 
     </span>
     <span class='ocr_line' id='line_1_25' title="bbox 83 2023 1596 2087; baseline 0.001 -20"><span class='ocrx_word' id='word_1_181' title='bbox 83 2023 386 2086; x_wconf 80' lang='lat' dir='ltr'>potissimum</span> <span class='ocrx_word' id='word_1_182' title='bbox 425 2023 602 2069; x_wconf 88' lang='lat' dir='ltr'>codicis</span> <span class='ocrx_word' id='word_1_183' title='bbox 639 2025 969 2070; x_wconf 84' lang='lat' dir='ltr'>auctoritatem</span> <span class='ocrx_word' id='word_1_184' title='bbox 1008 2024 1203 2070; x_wconf 87' lang='lat' dir='ltr'>oratoris</span> <span class='ocrx_word' id='word_1_185' title='bbox 1238 2024 1380 2069; x_wconf 85' lang='lat' dir='ltr'>verba</span> <span class='ocrx_word' id='word_1_186' title='bbox 1405 2024 1596 2087; x_wconf 85' lang='lat' dir='ltr'>exigere</span> 
     </span>
     <span class='ocr_line' id='line_1_26' title="bbox 84 2100 1596 2165; baseline 0.002 -21"><span class='ocrx_word' id='word_1_187' title='bbox 84 2108 132 2144; x_wconf 87' lang='lat' dir='ltr'>et</span> <span class='ocrx_word' id='word_1_188' title='bbox 158 2100 388 2144; x_wconf 84' lang='lat' dir='ltr'>severiore</span> <span class='ocrx_word' id='word_1_189' title='bbox 415 2100 610 2162; x_wconf 90' lang='lat' dir='ltr'>quidem</span> <span class='ocrx_word' id='word_1_190' title='bbox 640 2102 743 2165; x_wconf 86' lang='lat' dir='ltr'>lege</span> <span class='ocrx_word' id='word_1_191' title='bbox 771 2118 913 2163; x_wconf 87' lang='lat' dir='ltr'>quam</span> <span class='ocrx_word' id='word_1_192' title='bbox 949 2101 996 2146; x_wconf 90' lang='lat' dir='ltr'>in</span> <span class='ocrx_word' id='word_1_193' title='bbox 1024 2100 1232 2146; x_wconf 90' lang='lat' dir='ltr'>editione</span> <span class='ocrx_word' id='word_1_194' title='bbox 1269 2102 1452 2146; x_wconf 89' lang='lat' dir='ltr'>minore</span> <span class='ocrx_word' id='word_1_195' title='bbox 1487 2109 1596 2147; x_wconf 89' lang='lat' dir='ltr'>ante</span> 
     </span>
     <span class='ocr_line' id='line_1_27' title="bbox 86 2174 1595 2242; baseline 0.003 -23"><span class='ocrx_word' id='word_1_196' title='bbox 86 2176 171 2220; x_wconf 89' lang='lat' dir='ltr'>hos</span> <span class='ocrx_word' id='word_1_197' title='bbox 207 2174 535 2239; x_wconf 87' lang='lat' dir='ltr'>duodeviginti</span> <span class='ocrx_word' id='word_1_198' title='bbox 573 2195 722 2222; x_wconf 86' lang='lat' dir='ltr'>annos</span> <span class='ocrx_word' id='word_1_199' title='bbox 760 2178 851 2223; x_wconf 90' lang='lat' dir='ltr'>alio</span> <span class='ocrx_word' id='word_1_200' title='bbox 878 2177 1077 2223; x_wconf 88' lang='lat' dir='ltr'>consilio</span> <span class='ocrx_word' id='word_1_201' title='bbox 1104 2186 1325 2242; x_wconf 82' lang='lat' dir='ltr'>suscepta</span> <span class='ocrx_word' id='word_1_202' title='bbox 1358 2177 1595 2223; x_wconf 86' lang='lat' dir='ltr'>feceram:</span> 
     </span>
     <span class='ocr_line' id='line_1_28' title="bbox 84 2253 1597 2317; baseline 0.003 -21"><span class='ocrx_word' id='word_1_203' title='bbox 84 2269 358 2314; x_wconf 89' lang='lat' dir='ltr'>quanquam</span> <span class='ocrx_word' id='word_1_204' title='bbox 399 2253 663 2299; x_wconf 86' lang='lat' dir='ltr'>cavendum</span> <span class='ocrx_word' id='word_1_205' title='bbox 703 2255 761 2299; x_wconf 87' lang='lat' dir='ltr'>ab</span> <span class='ocrx_word' id='word_1_206' title='bbox 788 2254 932 2299; x_wconf 88' lang='lat' dir='ltr'>altera</span> <span class='ocrx_word' id='word_1_207' title='bbox 958 2263 1091 2317; x_wconf 87' lang='lat' dir='ltr'>parte</span> <span class='ocrx_word' id='word_1_208' title='bbox 1127 2254 1217 2300; x_wconf 85' lang='lat' dir='ltr'>fuit</span> <span class='ocrx_word' id='word_1_209' title='bbox 1252 2272 1309 2299; x_wconf 87' lang='lat' dir='ltr'>ne</span> <span class='ocrx_word' id='word_1_210' title='bbox 1342 2272 1447 2316; x_wconf 77' lang='lat' dir='ltr'>quae</span> <span class='ocrx_word' id='word_1_211' title='bbox 1484 2255 1597 2300; x_wconf 87' lang='lat' dir='ltr'>huic</span> 
     </span>
     <span class='ocr_line' id='line_1_29' title="bbox 85 2326 1595 2375; baseline 0.001 -3"><span class='ocrx_word' id='word_1_212' title='bbox 85 2326 236 2372; x_wconf 89' lang='lat' dir='ltr'>codici</span> <span class='ocrx_word' id='word_1_213' title='bbox 277 2326 395 2372; x_wconf 91' lang='lat' dir='ltr'>fides</span> <span class='ocrx_word' id='word_1_214' title='bbox 441 2328 610 2374; x_wconf 84' lang='lat' dir='ltr'>merito</span> <span class='ocrx_word' id='word_1_215' title='bbox 654 2328 857 2375; x_wconf 85' lang='lat' dir='ltr'>habetur</span> <span class='ocrx_word' id='word_1_216' title='bbox 904 2329 953 2374; x_wconf 92' lang='lat' dir='ltr'>in</span> <span class='ocrx_word' id='word_1_217' title='bbox 993 2329 1191 2374; x_wconf 88' lang='lat' dir='ltr'>nimiam</span> <span class='ocrx_word' id='word_1_218' title='bbox 1232 2328 1595 2374; x_wconf 85' lang='lat' dir='ltr'>admirationem</span> 
     </span>
     <span class='ocr_line' id='line_1_30' title="bbox 83 2404 1594 2451; baseline 0.001 -3"><span class='ocrx_word' id='word_1_219' title='bbox 83 2412 297 2448; x_wconf 86' lang='lat' dir='ltr'>verteret.</span> <span class='ocrx_word' id='word_1_220' title='bbox 367 2404 455 2450; x_wconf 84' lang='lat' dir='ltr'>Est</span> <span class='ocrx_word' id='word_1_221' title='bbox 480 2404 609 2450; x_wconf 89' lang='lat' dir='ltr'>enim</span> <span class='ocrx_word' id='word_1_222' title='bbox 636 2404 859 2451; x_wconf 89' lang='lat' dir='ltr'>vitiorum</span> <span class='ocrx_word' id='word_1_223' title='bbox 900 2405 1017 2451; x_wconf 85' lang='lat' dir='ltr'>adeo</span> <span class='ocrx_word' id='word_1_224' title='bbox 1052 2423 1146 2450; x_wconf 89' lang='lat' dir='ltr'>non</span> <span class='ocrx_word' id='word_1_225' title='bbox 1185 2405 1414 2450; x_wconf 85' lang='lat' dir='ltr'>immunis</span> <span class='ocrx_word' id='word_1_226' title='bbox 1452 2416 1502 2450; x_wconf 89' lang='lat' dir='ltr'>ut</span> <span class='ocrx_word' id='word_1_227' title='bbox 1536 2406 1594 2450; x_wconf 88' lang='lat' dir='ltr'>ab</span> 
     </span>
     <span class='ocr_line' id='line_1_31' title="bbox 83 2479 1596 2544; baseline 0.001 -21"><span class='ocrx_word' id='word_1_228' title='bbox 83 2486 294 2524; x_wconf 86' lang='lat' dir='ltr'>veterum</span> <span class='ocrx_word' id='word_1_229' title='bbox 332 2479 539 2537; x_wconf 78' lang='lat' dir='ltr'>illorum,</span> <span class='ocrx_word' id='word_1_230' title='bbox 566 2479 624 2525; x_wconf 90' lang='lat' dir='ltr'>de</span> <span class='ocrx_word' id='word_1_231' title='bbox 651 2481 823 2542; x_wconf 89' lang='lat' dir='ltr'>quibus</span> <span class='ocrx_word' id='word_1_232' title='bbox 861 2499 1003 2544; x_wconf 89' lang='lat' dir='ltr'>supra</span> <span class='ocrx_word' id='word_1_233' title='bbox 1032 2480 1268 2536; x_wconf 87' lang='lat' dir='ltr'>dicebam,</span> <span class='ocrx_word' id='word_1_234' title='bbox 1296 2480 1446 2526; x_wconf 85' lang='lat' dir='ltr'>Attici</span> <span class='ocrx_word' id='word_1_235' title='bbox 1484 2499 1596 2544; x_wconf 86' lang='lat' dir='ltr'>apo-</span> 
     </span>
     <span class='ocr_line' id='line_1_32' title="bbox 84 2554 1598 2619; baseline 0.001 -20"><span class='ocrx_word' id='word_1_236' title='bbox 84 2554 374 2617; x_wconf 86' lang='lat' dir='ltr'>graphorum</span> <span class='ocrx_word' id='word_1_237' title='bbox 413 2555 661 2618; x_wconf 83' lang='lat' dir='ltr'>diligentia</span> <span class='ocrx_word' id='word_1_238' title='bbox 693 2557 856 2602; x_wconf 85' lang='lat' dir='ltr'>multis</span> <span class='ocrx_word' id='word_1_239' title='bbox 894 2556 1118 2619; x_wconf 83' lang='lat' dir='ltr'>gradibus</span> <span class='ocrx_word' id='word_1_240' title='bbox 1150 2574 1250 2601; x_wconf 86' lang='lat' dir='ltr'>esse</span> <span class='ocrx_word' id='word_1_241' title='bbox 1284 2566 1494 2602; x_wconf 87' lang='lat' dir='ltr'>remotus</span> <span class='ocrx_word' id='word_1_242' title='bbox 1530 2557 1598 2602; x_wconf 90' lang='lat' dir='ltr'>vi-</span> 
     </span>
     <span class='ocr_line' id='line_1_33' title="bbox 83 2629 1598 2694; baseline 0.001 -19"><span class='ocrx_word' id='word_1_243' title='bbox 83 2629 249 2676; x_wconf 87' lang='lat' dir='ltr'>deatur</span> <span class='ocrx_word' id='word_1_244' title='bbox 284 2648 439 2692; x_wconf 88' lang='lat' dir='ltr'>neque</span> <span class='ocrx_word' id='word_1_245' title='bbox 477 2632 534 2677; x_wconf 90' lang='lat' dir='ltr'>ad</span> <span class='ocrx_word' id='word_1_246' title='bbox 572 2633 856 2678; x_wconf 86' lang='lat' dir='ltr'>Urbinatem</span> <span class='ocrx_word' id='word_1_247' title='bbox 901 2633 1122 2679; x_wconf 88' lang='lat' dir='ltr'>Isocratis</span> <span class='ocrx_word' id='word_1_248' title='bbox 1160 2641 1207 2678; x_wconf 83' lang='lat' dir='ltr'>et</span> <span class='ocrx_word' id='word_1_249' title='bbox 1247 2633 1423 2677; x_wconf 85' lang='lat' dir='ltr'>similes</span> <span class='ocrx_word' id='word_1_250' title='bbox 1458 2650 1598 2694; x_wconf 89' lang='lat' dir='ltr'>quos-</span> 
     </span>
     <span class='ocr_line' id='line_1_34' title="bbox 83 2705 1596 2772; baseline 0.003 -22"><span class='ocrx_word' id='word_1_251' title='bbox 83 2705 193 2751; x_wconf 87' lang='lat' dir='ltr'>dam</span> <span class='ocrx_word' id='word_1_252' title='bbox 231 2705 427 2752; x_wconf 88' lang='lat' dir='ltr'>aliorum</span> <span class='ocrx_word' id='word_1_253' title='bbox 469 2708 752 2771; x_wconf 85' lang='lat' dir='ltr'>scriptorum</span> <span class='ocrx_word' id='word_1_254' title='bbox 789 2709 976 2754; x_wconf 88' lang='lat' dir='ltr'>codices</span> <span class='ocrx_word' id='word_1_255' title='bbox 1015 2708 1429 2772; x_wconf 82' lang='lat' dir='ltr'>praestantissimos</span> <span class='ocrx_word' id='word_1_256' title='bbox 1464 2727 1596 2755; x_wconf 88' lang='lat' dir='ltr'>com-</span> 
     </span>
     <span class='ocr_line' id='line_1_35' title="bbox 83 2781 1594 2848; baseline 0.003 -22"><span class='ocrx_word' id='word_1_257' title='bbox 83 2781 235 2845; x_wconf 85' lang='lat' dir='ltr'>parari</span> <span class='ocrx_word' id='word_1_258' title='bbox 263 2782 426 2844; x_wconf 84' lang='lat' dir='ltr'>possit.</span> <span class='ocrx_word' id='word_1_259' title='bbox 497 2784 626 2829; x_wconf 88' lang='lat' dir='ltr'>Nam</span> <span class='ocrx_word' id='word_1_260' title='bbox 658 2793 974 2848; x_wconf 84' lang='lat' dir='ltr'>praeterquam</span> <span class='ocrx_word' id='word_1_261' title='bbox 1003 2784 1132 2846; x_wconf 91' lang='lat' dir='ltr'>quod</span> <span class='ocrx_word' id='word_1_262' title='bbox 1157 2802 1253 2830; x_wconf 90' lang='lat' dir='ltr'>non</span> <span class='ocrx_word' id='word_1_263' title='bbox 1280 2802 1383 2830; x_wconf 90' lang='lat' dir='ltr'>raro</span> <span class='ocrx_word' id='word_1_264' title='bbox 1409 2785 1465 2830; x_wconf 91' lang='lat' dir='ltr'>iis</span> <span class='ocrx_word' id='word_1_265' title='bbox 1493 2803 1594 2831; x_wconf 90' lang='lat' dir='ltr'>om-</span> 
     </span>
     <span class='ocr_line' id='line_1_36' title="bbox 85 2856 1596 2924; baseline 0.003 -22"><span class='ocrx_word' id='word_1_266' title='bbox 85 2858 226 2903; x_wconf 89' lang='lat' dir='ltr'>nibus</span> <span class='ocrx_word' id='word_1_267' title='bbox 251 2856 405 2903; x_wconf 80' lang='lat' dir='ltr'>modis</span> <span class='ocrx_word' id='word_1_268' title='bbox 432 2860 490 2905; x_wconf 91' lang='lat' dir='ltr'>ab</span> <span class='ocrx_word' id='word_1_269' title='bbox 517 2860 670 2906; x_wconf 83' lang='lat' dir='ltr'>scriba</span> <span class='ocrx_word' id='word_1_270' title='bbox 696 2860 874 2907; x_wconf 87' lang='lat' dir='ltr'>codicis</span> <span class='ocrx_word' id='word_1_271' title='bbox 900 2870 971 2906; x_wconf 88' lang='lat' dir='ltr'>est</span> <span class='ocrx_word' id='word_1_272' title='bbox 995 2869 1248 2924; x_wconf 85' lang='lat' dir='ltr'>peecatum</span> <span class='ocrx_word' id='word_1_273' title='bbox 1277 2861 1452 2922; x_wconf 91' lang='lat' dir='ltr'>quibus</span> <span class='ocrx_word' id='word_1_274' title='bbox 1478 2879 1596 2924; x_wconf 88' lang='lat' dir='ltr'>quo-</span> 
     </span>
    </p>
   </div>
  </div>
 </body>
</html>
