1882 3250
241 157 309 197 viii
826 159 1164 200 PRAEFATIO

241 269 479 316 cernenda
504 280 614 317 sunt
640 273 698 318 ab
725 272 922 318 aliarum
945 290 1174 319 manuum
1198 273 1585 319 correctionibus.
1623 274 1748 320 Nam

241 364 359 408 quas
386 347 604 394 librarius
638 347 738 411 ipse
768 347 882 394 fecit
906 349 1071 412 primae
1109 350 1353 412 scripturae
1379 348 1754 406 emendationes,

242 424 289 468 in
318 423 390 469 his
417 423 535 469 nihil
563 441 764 486 usquam
792 434 862 470 est
887 425 1014 487 quod
1041 426 1113 472 vel
1142 425 1430 472 levissimam
1459 425 1754 488 interpolatae

241 499 458 545 lectionis
485 500 807 563 suspicionem
834 501 1040 547 excitare
1067 501 1243 564 possit:
1280 499 1417 546 valde
1437 499 1620 546 diversa
1643 519 1752 547 vero

242 593 330 620 nec
362 576 539 621 finibus
572 585 668 621 tam
706 577 844 621 arctis
871 577 1233 640 circumscripta
1261 576 1349 621 fuit
1374 576 1571 621 aliorum
1601 594 1748 638 quum

241 661 454 698 veterum
493 662 595 698 tum
637 653 955 699 recentiorum
996 672 1138 717 opera
1175 662 1510 706 correctorum,
1550 653 1628 714 qui
1671 653 1754 698 ali-

242 737 360 790 quot
386 729 534 774 millia
561 730 820 787 literarum,
845 731 1152 793 syllabarum,
1178 730 1520 776 vocabulorum
1558 730 1622 775 ita
1656 746 1756 774 era-

242 814 404 850 serunt
431 814 482 850 ut
506 806 738 868 scriptura
764 815 897 852 vetus
924 806 1025 852 aliis
1053 806 1100 851 in
1134 806 1249 852 locis
1281 806 1472 869 penitus
1505 806 1562 852 sit
1587 805 1755 851 oblite-

241 891 354 935 rata,
392 881 439 926 in
477 881 593 935 aliis,
629 881 665 926 si
703 882 809 943 quis
847 883 1093 927 oculorum
1129 882 1281 927 aciem
1320 881 1554 937 intendat,
1587 882 1755 927 etiam-

241 973 356 1001 num
396 956 607 1019 indagari
647 959 810 1020 possit.
883 957 1168 1018 Cujusmodi
1207 976 1231 1002 c
1269 958 1384 1002 locis
1428 957 1519 1003 lioc
1553 975 1579 1002 a
1616 957 1753 1003 nobis

240 1032 538 1078 intellectum
578 1043 662 1089 est,
688 1034 777 1079 tria
811 1052 911 1078 esse
949 1034 1299 1079 correctionum
1338 1034 1525 1080 illarum
1564 1052 1753 1097 genera.

239 1108 361 1154 Aliae
394 1109 522 1154 enim
554 1109 612 1154 de
649 1127 821 1173 genere
855 1120 963 1156 sunt
989 1110 1378 1174 orthographieo,
1405 1110 1506 1156 aliee
1531 1110 1580 1155 in
1610 1110 1752 1155 corri-

240 1185 406 1248 gendis
450 1186 625 1231 librarii
666 1187 875 1249 peccatis
913 1195 1175 1242 versantur,
1212 1186 1293 1248 qui
1338 1187 1511 1241 literas,
1549 1203 1749 1248 quarum

239 1262 311 1307 vel
350 1262 503 1307 forma
533 1263 607 1307 vel
644 1263 980 1326 pronunciatio
1017 1263 1184 1308 similis
1222 1272 1359 1317 esset,
1386 1272 1439 1308 ut
1462 1263 1506 1306 A
1531 1263 1574 1307 A
1598 1265 1653 1317 Δ,
1681 1263 1750 1308 vel

239 1338 311 1381 AI
338 1346 385 1383 et
411 1338 467 1390 E,
495 1338 564 1381 EI
591 1349 638 1383 et
663 1339 724 1392 H,
753 1338 1012 1402 saepissime
1040 1338 1163 1384 inter
1189 1356 1236 1383 se
1265 1339 1567 1401 permutavit,
1596 1339 1754 1399 cujus-

241 1413 368 1459 modi
396 1413 453 1458 de
480 1415 705 1477 peccatiS‚
732 1433 838 1477 quae
875 1432 1154 1460 enumerare
1180 1415 1342 1460 onmia
1369 1415 1613 1460 infinitum
1639 1423 1754 1470 crat,

240 1499 427 1535 tantum
455 1491 591 1536 attuli
613 1500 846 1552 quantum
875 1492 985 1537 satis
1012 1500 1136 1536 esset
1161 1491 1338 1537 codicis
1372 1490 1419 1536 in
1446 1491 1537 1536 hoe
1563 1508 1756 1553 quoquc

240 1584 413 1629 genere
450 1566 659 1613 indolem
702 1586 989 1631 cognoscere
1030 1569 1366 1631 cupientibus;
1406 1567 1507 1614 aliae
1549 1567 1755 1630 denique

240 1643 442 1689 aliorum
468 1644 697 1690 librorum
730 1645 975 1701 lectiones,
1004 1644 1145 1690 modo
1171 1662 1304 1690 veras
1338 1644 1482 1690 modo
1514 1643 1655 1690 falsas
1681 1645 1753 1690 vel

240 1720 564 1783 interpolatas,
586 1721 810 1767 inferunt.
857 1722 968 1767 Non
996 1722 1309 1767 substiterunt
1331 1731 1492 1767 tamen
1518 1721 1642 1767 intra
1670 1722 1754 1767 hos

240 1798 360 1841 fines
387 1806 708 1843 correctorum
736 1797 916 1844 studia:
947 1816 1054 1844 nam
1084 1799 1208 1843 inter
1228 1815 1386 1843 versus
1414 1815 1606 1860 quoquc
1633 1807 1679 1843 et
1705 1798 1752 1843 in

241 1873 537 1935 marginibus
573 1874 742 1936 ingens
777 1884 1004 1920 annotata
1029 1884 1100 1920 est
1124 1876 1357 1920 variarum
1388 1875 1647 1921 lectionum
1677 1893 1756 1921 co-

239 1950 334 2013 pia,
361 1968 562 2012 quarum
591 1969 697 2013 quae
735 1952 793 1997 ab
819 1953 1041 1997 manibus
1079 1952 1267 2015 seriptae
1293 1961 1451 1997 essent
1476 1952 1754 2015 antiquiori-

241 2027 345 2083 bus,
383 2027 410 2071 i.
436 2044 475 2072 e.
514 2044 664 2089 usque
702 2027 758 2073 ad
797 2028 1009 2073 seculum
1049 2036 1270 2088 quartum
1310 2026 1568 2080 decimum,
1610 2045 1756 2090 appo-

241 2103 420 2148 nendas
457 2121 558 2149 esse
586 2103 928 2165 judicavimus,
955 2121 1061 2165 quae
1087 2121 1198 2149 vero
1228 2104 1286 2148 ab
1312 2103 1491 2148 infimae
1516 2103 1666 2148 aetatis
1703 2103 1758 2148 li-

241 2180 406 2225 brariis
444 2180 584 2225 allitae
621 2190 779 2226 essent
811 2181 1097 2243 plerumque
1140 2180 1407 2236 omisimus,
1444 2197 1594 2242 quum
1636 2180 1756 2226 nihil

240 2274 440 2318 usquam
469 2258 739 2321 praeberent
764 2275 906 2319 quam
937 2256 1203 2319 vulgarium
1243 2257 1471 2302 librorum
1511 2257 1755 2314 lectiones,

241 2351 358 2395 quas
384 2351 532 2395 quum
568 2352 625 2379 ex
664 2335 879 2397 pluribus
919 2334 1059 2395 hujus
1096 2334 1282 2397 generis
1316 2333 1561 2379 codicibus
1593 2342 1756 2398 petere

240 2410 448 2472 integras
490 2410 668 2465 liceret,
712 2428 805 2456 non
851 2410 1101 2456 videbatur
1143 2428 1298 2473 operae
1346 2410 1554 2473 pretium
1599 2410 1755 2456 istius-

242 2486 370 2532 modi
411 2504 652 2550 apponere
691 2487 1129 2533 reeentissimorum
1173 2487 1471 2532 librariorum
1516 2494 1757 2549 excerpta.

238 2563 499 2626 Antiquior
545 2573 701 2609 autem
753 2565 833 2610 illa
880 2563 1096 2610 lectionis
1145 2563 1390 2609 diversitas
1437 2563 1650 2609 maxima
1696 2580 1755 2608 ex

239 2651 373 2702 parte
411 2640 489 2685 uni
530 2640 784 2702 eidemque
826 2641 986 2685 manui
1024 2639 1239 2693 debetur,
1276 2657 1420 2701 quam
1463 2639 1544 2685 ubi
1583 2638 1756 2684 diserte

240 2716 533 2762 nominanda
559 2726 657 2762 erat
695 2716 952 2762 secundam
993 2716 1244 2780 appellavi.
1315 2716 1434 2761 Eam
1476 2715 1636 2761 seculo
1671 2732 1757 2760 un-

240 2794 429 2840 decimo
463 2812 555 2839 non
587 2812 687 2840 esse
724 2795 1036 2840 recentiorem
1067 2794 1124 2840 C.
1145 2792 1360 2839 B.Hasii
1400 2791 1635 2838 sententia
1667 2800 1754 2848 cst,

231 2870 410 2932 judicis
451 2870 617 2916 harum
658 2888 812 2916 rerum
854 2871 1292 2934 intelligentissimi.
1364 2869 1526 2933 Opera
1561 2869 1662 2930 ejus
1696 2868 1753 2914 ad

1880 2825 1882 2899 ᾗ

1878 2913 1882 2997 l

1876 3009 1882 3118 ἐ
