1930 3266
285 195 370 235 328
824 188 1253 236 ΔΗΜΟΣΘΕΝΟΎΣ
1340 196 1422 235 ΟΒ.
1447 194 1629 235 XVIII.
1653 209 1692 249 p.
1710 206 1734 248 3
1747 207 1757 234 ι
1771 206 1808 243 2,
1828 196 1918 259 104·

283 307 454 373 μικρὰν
492 310 567 358 καὶ
612 308 804 376 φαύλην
841 311 923 371 τῆς
962 310 1143 373 ἀγαθῆς
1181 311 1255 359 καὶ
1300 307 1525 373 μεγάλης.
1587 310 1662 358 καὶ
1699 312 1799 361 πῶς
1816 333 1853 355 ¹0

285 391 350 441 ε”νι
376 397 514 442 τοῦτο
542 391 762 456 γενέσθαι
783 413 794 449 ς

440 477 453 491 x
536 474 547 489 x
638 476 657 494 ,t
811 475 822 488 x
896 477 905 491 ›
950 474 961 488 x
1067 475 1078 489 t
1288 474 1299 488 t
1457 476 1466 490 ›
1566 474 1579 488 t
1760 479 1769 491 ι

187 494 271 535 319
362 479 455 524 Και
489 498 583 538 μην
615 498 652 525 ει
687 498 740 539 γε
773 498 857 538 την
883 498 996 538 εμην
1021 498 1168 541 τυχην
1195 482 1419 527 ωπαντως
1445 474 1682 542 εξεταζειν,
1711 480 1799 525 Αι-

285 559 441 624 σχίνη,
479 563 738 624 ῃπροαιρεῖ,
772 557 890 623 πρὸς
929 557 1013 621 τὴν
1050 565 1287 609 Οσεαυτοῦ
1327 558 1507 619 σκόπει,
1546 557 1632 609 κᾶν
1669 560 1803 625 εὕρῃς

285 640 370 705 τὴν
409 641 523 705 ἐμὴν
561 643 738 702 βελτίω
781 645 863 704 τῆς
901 645 1006 704 σῆς,
1044 648 1227 693 παῦσαι
1272 642 1628 708 λοιδορούμενος
1665 644 1799 710 αὐτῇ.

285 724 453 775 σκόπει
479 725 634 775 τοίνυν
659 723 791 778 εὐθὺς
817 725 874 793 ἐξ
897 727 1058 792 ἀρχῆς.
1112 728 1192 776 καί
1222 749 1311 789 μου
1344 725 1462 791 πρὸς
1488 725 1630 780 ΡΔιὸς
1656 729 1798 790 μηδε-
1819 753 1852 783 15

285 810 396 872 μίαν
434 809 716 876 ψυχρότητα
760 813 978 878 καταγνῷ
1021 811 1195 873 μηδείς.
1258 809 1350 874 ἐγὼ
1388 808 1481 874 γὰρ
1521 811 1615 859 οὔτ’
1657 810 1699 860 εἴ
1736 831 1805 863 τις

285 893 447 943 πενίαν
485 892 835 958 προπηλακίζει,
876 899 984 943 νοῦν
1023 893 1144 959 ε”χειν
1182 894 1396 958 ἡγοῦμαι,
1437 893 1530 943 οὔτ’
1571 893 1613 943 εἴ
1651 916 1721 946 τις
1757 895 1806 944 ἐν

285 975 510 1043 ἀφθόνοις
546 977 740 1042 τραφεὶς
779 977 853 1026 ἐπὶ
891 976 1075 1044 (ῖτούτῳ
1113 974 1405 1038 σεμνύνεται·
1451 977 1560 1025 ἀλλ’
1598 976 1687 1027 ὑπὸ
1723 979 1806 1040 τῆς

284 1060 467 1108 τουτουὶ
511 1064 593 1108 τοῦ
638 1065 850 1126 χαλεποῦ
893 1060 1214 1127 βλασφημίας
1258 1061 1332 1109 καὶ
1377 1061 1701 1127 συκοφαντίας
1744 1065 1805 1114 εἰς

284 1143 517 1195 τοιούτους
550 1142 724 1207 λόγους
756 1143 999 1205 ἐμπίπτειν
1031 1142 1362 1208 ἀναγκάζομαι,
1390 1143 1457 1196 οἷς
1482 1145 1531 1194 ἐκ
1560 1148 1654 1194 τῶν
1678 1143 1855 1197 ἐνόν-ιο

284 1249 378 1276 των
406 1228 467 1279 ὡς
495 1225 551 1276 ἂν
578 1226 784 1288 δύνωμαι
809 1226 1101 1291 μετριώτατα
1127 1227 1380 1294 χρήσομαι.
1417 1260 1422 1263 »

189 1335 274 1377 320
358 1310 496 1372 Ἐμοὶ
540 1309 625 1373 μὲν
669 1311 823 1361 τοίνυν
871 1310 1089 1379 ὑπῆρξεν,
1133 1312 1351 1378 Αἰσχίνη,
1390 1314 1519 1362 παιδὶ
1559 1312 1670 1373 Γμὲν
1708 1310 1806 1362 ὅντι

286 1397 456 1461 φοιτᾶν
493 1398 577 1446 ⁵⁶29
615 1393 674 1443 τὰ
712 1393 1019 1459 προσήκοντα
1058 1397 1378 1458 διδασκαλεῖα,
1412 1396 1517 1445 1ῖκαὶ
1555 1395 1674 1462 ἔχειν
1713 1394 1808 1445 ὅσα

285 1476 376 1543 χρὴ
404 1475 488 1527 τὸν
518 1477 663 1541 μηδὲν
689 1477 891 1544 αἰσχρὸν
916 1477 1211 1541 11ποιήσοντα
1237 1479 1291 1528 δι’
1321 1478 1509 1540 ἔνδειαν,
1536 1478 1807 1547 Χέξελθόντι

286 1561 335 1612 δὲ
379 1563 427 1611 ἐκ
478 1569 496 1596 Y
511 1562 692 1612 παίδων
740 1561 1012 1612 Ζοἰκόλουθα
1062 1562 1242 1616 τούτοις
1292 1562 1527 1629 πράττειν,
1574 1568 1805 1630 χορηγεῖν,
1819 1591 1856 1622 ²5
1916 1578 1921 1615 ·:'

287 1651 596 1712 τριηραρχεῖν,
645 1646 893 1714 εἰσφέρειν,
938 1649 1164 1709 μηδεμιᾶς
1209 1648 1481 1714 φιλοτιμίας
1532 1646 1646 1711 μήτε
1692 1647 1809 1700 ἰδίας

287 1728 403 1792 μήτε
450 1730 680 1793 δημοσίας
725 1729 1082 1790 ἀπολείπεσθαι,
1131 1728 1262 1779 ἀλλὰ
1313 1732 1387 1779 καὶ
1437 1734 1495 1796 τῇ
1546 1728 1685 1781 πόλει
1734 1733 1808 1780 καὶ

190 1833 268 1876 321
287 1817 382 1865 τοῖς
429 1814 588 1880 φίλοις
640 1812 876 1880 χρήσιμον
927 1811 1054 1873 εἶναι,
1102 1812 1257 1876 ἐπειδὴ
1303 1813 1351 1863 δὲ
1401 1812 1519 1878 πρὸς
1570 1813 1629 1863 τὰ
1679 1813 1808 1864 κοινὰ

288 1901 604 1962 ἒιπροσελθεῖν
656 1896 794 1964 ἔδοξέ
849 1919 942 1958 μοι,
994 1902 1186 1947 τοιαῦτα
1240 1897 1563 1960 πολιτεύματα
1613 1897 1916 1958 ἑλέσθαι3ι3

289 1977 412 2030 ὥστε
457 1982 532 2030 καὶ
579 1978 668 2030 ὑπὸ
707 1983 789 2043 τῆς
827 1980 1051 2045 πατρίδος
1090 1981 1164 2029 καὶ
1207 1980 1282 2030 ὑπ’
1321 1977 1339 2004 ¹³
1354 1979 1519 2029 ἄλλων
1556 1978 1809 2044 ”Ελλήνων

288 2068 490 2114 πολλῶν
514 2063 749 2117 πολλάκις
775 2065 1154 2132 ἐστεφανῶσθαι,
1181 2065 1280 2113 Οκαὶ
1307 2060 1325 2087 ‘¹
1333 2062 1448 2126 μηδὲ
1479 2062 1584 2116 τοὺς
1615 2062 1810 2130 ἐχθροὺς

291 2150 423 2211 ὑμᾶς,
476 2151 538 2202 ὡς
589 2149 676 2198 eoz')
733 2146 858 2198 καλά
907 2148 949 2212 γ’
1001 2146 1059 2211 ἧν
1108 2144 1139 2196 ἂ
1188 2146 1491 2213 προειλόμην,
1545 2146 1809 2214 Γέπιχειρεῖν

292 2232 462 2298 λε’γειν.
531 2231 624 2297 ἐγὼ
675 2231 759 2295 μὲν
808 2244 831 2279 g
848 2230 904 2295 δὴ
949 2231 1138 2298 τοιαύτῃ
1189 2231 1498 2294 συμβεβίωκα
1547 2230 1681 2298 τύχῃ,
1732 2232 1837 2283 καὶ5

291 2315 434 2367 πόλλ’
473 2315 530 2366 ἂν
568 2315 689 2382 ἔχων
727 2316 836 2382 ἕτερ’
875 2319 1017 2366 εἰπεῖν
1053 2317 1159 2380 περὶ
1203 2317 1344 2378 αὐτῆς
1382 2316 1673 2380 παραλείπω,
1714 2319 1805 2382 φυ-

195 2422 278 2464 322
293 2399 579 2462 λαττόμενος
610 2398 664 2450 τὸ
698 2400 918 2462 λυπῆσαί
952 2397 1086 2449 1Ᾰτινα
1120 2397 1186 2448 ὶέν
1216 2397 1282 2452 οῗ,ι
1316 2397 1620 2461 σεμνύνομαι.
1677 2398 1742 2448 σὺ
1768 2402 1808 2449 δ’

348 2531 378 2549 m
398 2525 532 2559 πάντως
550 2524 733 2569 ἐξετάζειν]
759 2523 924 2568 ἐξετάζειν
943 2525 1076 2558 πάντως
1095 2524 1132 2558 k.
1246 2529 1264 2547 Π
1285 2525 1442 2567 προαιρεῖ
1461 2523 1495 2556 S.
1526 2525 1670 2568 προαιρῇ
1690 2523 1808 2568 vulgo.

293 2585 311 2603 0
332 2580 479 2612 σεαυτοῦ
500 2578 534 2612 S.
567 2579 688 2611 ἑαυτοῦ
709 2590 736 2611 r.
767 2580 894 2610 σαυτοῦ
915 2577 1031 2622 vulgo.
1124 2586 1140 2612 1·
1161 2577 1232 2612 διὸς
1253 2577 1287 2610 S.
1322 2576 1520 2621 Legebatur
1541 2577 1620 2611 Διὸς
1639 2577 1692 2610 καὶ
1711 2575 1807 2610 θεῶν.

295 2640 313 2668 (l
334 2631 462 2679 τούτῳ]
487 2629 620 2666 τούτοις
639 2632 674 2665 k.
750 2637 765 2655 Γ
785 2631 846 2674 μὲν
866 2629 937 2664 ὅντι
957 2632 1081 2675 φοιτᾶν
1101 2630 1146 2665 εἷς
1167 2642 1236 2664 om.
1258 2642 1310 2675 pr.
1330 2630 1365 2663 S.
1437 2634 1452 2654 S
1473 2629 1538 2675 εἷς]
1564 2630 1596 2664 ἐς
1616 2630 1651 2663 k.
1727 2630 1736 2649 ¹
1758 2629 1811 2663 καὶ

293 2685 568 2730 ἔχειν-ἔνδειαν
591 2685 626 2718 in
650 2697 762 2730 marg.
785 2685 890 2718 habet
908 2685 950 2718 A.
1001 2684 1135 2718 Caussa
1155 2683 1340 2718 omittendi
1360 2683 1481 2717 eadem
1505 2683 1582 2724 fuit,
1604 2688 1644 2716 ut
1662 2682 1809 2722 videtur,

295 2751 400 2785 quam
420 2739 539 2784 paullo
559 2744 640 2772 ante
661 2739 873 2772 dicebamus.
980 2743 1000 2762 ¹¹
1021 2736 1225 2783 ποιήσοντα]
1250 2736 1440 2780 ποιήσαντα
1459 2749 1493 2782 p.
1601 2744 1616 2762 Χ
1638 2736 1811 2780 ἐξελθόντι

295 2792 349 2839 δέ]
375 2793 429 2826 καὶ
447 2792 623 2836 ἐξελθόντι
643 2792 678 2825 δέ
698 2793 734 2825 k.
839 2799 858 2827 ,V
877 2791 1023 2837 παίδων]
1049 2791 1189 2824 παιδίων
1208 2791 1349 2826 A.k.1·.s.
1465 2796 1483 2814 Ζ
1502 2789 1688 2836 ἀκόλουθα]
1711 2788 1808 2822 τάκό-

295 2846 402 2880 λουθα
423 2846 464 2879 Y.
541 2850 559 2869 a
578 2844 802 2890 προσελθεῖν]
826 2845 1027 2890 προσῆλθον
1047 2843 1209 2883 Q.O.t.u.
1230 2850 1265 2878 et
1284 2859 1338 2889 γρ.
1359 2856 1385 2877 s.
1467 2841 1484 2865 b
1504 2843 1620 2877 ἄλλων
1637 2841 1811 2886 Ἑλλήνων

296 2901 436 2933 πολλῶν
458 2899 492 2932 S.
522 2901 589 2931 τῶν
606 2898 723 2932 ἄλλων
740 2897 915 2942 εΕλλήνων
934 2898 1051 2944 vulgo.
1177 2903 1192 2922 ⁰
1213 2897 1282 2944 καὶ]
1308 2898 1337 2931 εἶ
1355 2898 1390 2931 k.
1502 2893 1521 2922 d
1542 2895 1642 2942 μηδὲ]
1666 2896 1710 2939 μὴ
1731 2895 1809 2929 A.k.

297 2958 312 2976 θ
333 2953 372 2986 οὐ
393 2954 478 2986 καλά
496 2951 528 2997 γ’
550 2950 589 2994 ἧν
608 2951 646 2997 ἂ]
672 2953 922 2996 οὖκαλλαγῆναι
942 2964 992 2997 pr.
1015 2952 1051 2985 S.
1158 2949 1173 2975 f
1190 2950 1389 2997 ἐπιχειρεῖν]
1414 2951 1578 2996 ἐπιχειρεῖ
1595 2951 1630 2984 k.
1731 2954 1754 2982 ἕ
1770 2948 1810 2992 δὴ

298 3017 368 3039 om.
387 3005 431 3038 O.
545 3002 562 3030 ¹¹
584 3007 658 3038 τινὰ
680 3004 961 3043 A.F.S.Q.O.s.t.
997 3005 1197 3051 Legebatur
1216 3019 1320 3039 τινας.
1433 3001 1442 3028 ἱ
1463 3003 1515 3050 ἐν]
1539 3004 1594 3046 ἐφ’
1616 3015 1649 3048 p.
