1882 3250
217 148 303 189 206
763 157 1186 195 ΔΗΜΟΣΘΕΝΟΎΣ
1237 159 1253 163 “
1362 157 1445 195 On.
1466 157 1566 197 XV.
1588 171 1628 211 p.
1650 169 1741 211 193,
1761 173 1855 197 18—

217 285 300 324 μαι
345 269 474 313 ταῦτ’
526 272 555 290 ¹¹¹
572 266 657 316 εἴτε
700 265 782 329 μή.
849 266 940 331 ἐγὼ
992 269 1159 333 νομίζω
1210 267 1499 333 πράττοντος
1549 268 1634 331 μὲν
1684 272 1732 318 ἐν

219 346 448 416 Αἰγύπτῳ
502 349 656 411 πάνθ’,
708 357 727 375 “
742 373 802 403 ως
861 350 1057 415 ὥρμηκε,
1110 351 1378 410 οβασιλεως
1429 350 1633 449 σ’,φόδρα
1672 350 1731 402 ἀν

221 434 527 496 Ἀρτεμισίαν
564 436 839 498 πειραθῆναι
877 436 1180 497 περιποιῆσαι
1216 434 1382 484 Ρόδον
1418 435 1556 503 αὐτῷ,
1584 436 1637 485 οὐ
1673 458 1729 502 τῃ
1744 457 1782 480 20

217 516 458 573 βασιλέως
503 517 668 583 εὐνοίᾳ,
706 516 835 566 α’λλά
888 520 989 584 ἶ’τῷ
1032 516 1296 576 βούλεσθαι
1340 518 1550 580 πλησίον
1589 519 1730 581 αὐτῆς

216 601 536 665 διατρίβοντος
562 602 733 650 ἐκείνου
759 600 975 666 μεγάλην
1002 602 1273 666 εὐεργεσίαν
1295 602 1585 652 καταθέσθαι
1610 601 1730 668 πρὸς

151 699 198 740 13
216 682 369 744 αὐτὸν,
399 683 457 733 ἵν’
485 686 548 736 ὡς
586 683 821 734 οἰκειότατ’
851 683 1030 748 (Ῑαύτὴν
1065 685 1394 751 ι’ἀποδέχηταν
1437 685 1727 750 πράττοντος

214 768 252 816 δ’
288 769 349 820 ὡς
389 766 590 831 λέγεται,
621 770 695 818 καὶ
731 768 1098 833 διημαρτηκότος
1133 767 1201 821 οἷς
1242 770 1554 835 ἐπεχείρησεν,
1594 770 1719 834 ἡγεῖ·
1739 792 1775 823 ²5

212 855 325 901 σθαι
349 850 434 914 τὴν
456 855 604 914 νῆσον
628 852 816 917 ταύτην,
837 852 951 918 ὅπερ
972 853 1117 913 ἔστιν,
1137 852 1262 902 ἄλλο
1287 852 1371 915 μὲν
1398 852 1529 903 οὐδὲν
1555 851 1705 903 δᾶν
1665 859 1725 903 εἰ-

211 957 284 984 ναι
319 940 519 995 βασιλεῖ
548 936 787 1002 χρησίμην
812 937 860 985 ἐν
885 939 950 1004 τῷ
988 935 1197 1001 παρόντι,
1225 938 1307 998 τῆς
1333 936 1370 985 δ’
1410 936 1552 999 αὐτῆς
1578 938 1725 1003 ἀρχῆς

208 1020 504 1085 ἐπιτείχισμα
545 1019 662 1085 πρὸς
703 1020 757 1069 τὸ
800 1021 904 1083 μηδ’
951 1020 1105 1069 ὁτιοῦν
1149 1023 1433 1084 παρακινεῖν.
1474 1017 1598 1069 ὥστε
1645 1042 1724 1082 μοι

209 1104 337 1152 δοκεῖ
366 1108 557 1165 μᾶλλον
593 1102 651 1154 ἂν
678 1105 795 1164 ὑμᾶς
834 1103 954 1170 ἔχειν
990 1103 1054 1165 μὴ
1091 1107 1302 1170 φανερῶς
1329 1104 1470 1165 αὐτῆς
1497 1103 1722 1168 ἐνδούσης

206 1185 235 1250 ἢ
270 1187 454 1237 ἴ’κεῖνον
481 1192 647 1246 λαβεῖν
680 1189 960 1246 βούλεσθαι.
1004 1185 1129 1250 οἶμαι
1167 1187 1252 1249 μὲν
1291 1187 1372 1237 οὖν
1410 1186 1513 1237 οὐδὲ
1545 1187 1817 1252 βοηθή-194

206 1293 309 1320 σειν
352 1270 509 1334 αὐτὴν,
549 1269 608 1321 ἂν
646 1274 681 1321 δ’
723 1271 814 1336 ἄρα
859 1277 998 1321 τοῦτο
1037 1275 1161 1338 ποιῇ,
1203 1271 1399 1339 φαύλως
1441 1273 1515 1321 καὶ
1553 1276 1720 1324 κακῶς·

144 1356 301 1415 Ι4ἐπεὶ
337 1358 411 1405 καὶ
437 1355 644 1414 βασιλέα
684 1356 755 1419 “γ’
798 1355 822 1405 ὅ
862 1378 905 1404 τι
945 1353 1060 1417 Χμὲν
1096 1354 1284 1418 ποιήσει
1322 1354 1389 1417 μά
1428 1355 1506 1404 Δί’
1544 1356 1626 1405 οὐκ
1663 1353 1722 1405 ἂν

205 1438 376 1501 ε’ίποιμι
414 1439 548 1505 ἔγωγ’
579 1442 640 1492 ὡς
679 1437 794 1500 οἶδα,
821 1438 891 1489 ὅτι
923 1438 1080 1500 μέντοι
1106 1437 1337 1506 συμφέρει
1371 1442 1429 1505 τῇ
1467 1437 1603 1489 πόλει
1630 1442 1745 1503 δῆ·5

205 1529 293 1573 λον
319 1524 408 1587 ἤδη
434 1524 654 1589 γενέσθαι
679 1523 856 1589 πότερα
887 1521 1263 1586 Υὰντιποιήσεται
1297 1525 1380 1585 τῆς
1418 1522 1602 1576 πόλεως
1638 1526 1720 1586 τῆς

204 1607 399 1657 Ῥοδίων
425 1606 454 1671 ἢ
482 1606 550 1669 οὒ,
578 1612 730 1658 Ζτοῦτ’
759 1605 817 1657 ἂν
850 1606 1204 1672 ἰσχυρισαίμην·
1249 1607 1301 1656 οὐ
1326 1605 1419 1672 γὰρ
1460 1605 1574 1671 ὑπὲρ
1604 1608 1716 1658 Ῥο-

204 1691 314 1740 δίων
356 1691 651 1752 βουλευτέον,
694 1690 847 1741 ἢὸταν
876 1688 1207 1752 Βάντιποιῆται,
1252 1689 1411 1751 μόνον,
1449 1692 1562 1740 ἀλλ’
1605 1691 1719 1757 ὑπὲρ

202 1775 356 1837 οὑμῶν
382 1776 536 1824 αὐτῶν
562 1797 636 1824 και
663 1772 784 1824 ᾱτῶν
809 1795 1000 1824 παντων
1024 1771 1292 1836 Ελλήνων.

138 1876 188 1919 15
277 1859 352 1908 Οὐ
390 1857 484 1922 μὴν
520 1859 611 1908 οὐδ’
649 1856 707 1908 ἂν
745 1862 781 1908 εἱ
817 1860 875 1907 δι’
910 1858 1062 1907 αὐτῶν
1101 1855 1224 1923 εἰχον
1258 1856 1344 1920 τὴν
1377 1856 1520 1908 πόλιν
1555 1861 1596 1908 οἱ
1633 1865 1768 1909 νῦνιο

199 1941 329 1996 ὄντες
367 1945 415 1993 ἐν
442 1944 559 2010 αὐτῇ
590 1941 774 2004 Ῥόδιοι,
800 1940 1049 2008 παρῄνεσα
1075 1939 1132 1990 ἂν
1159 1942 1264 2003 ὑμῖν
1290 1939 1483 1993 τούτους
1508 1941 1714 2003 ἑλέσθαι,

199 2028 289 2078 οὐδ’
320 2031 357 2077 εὶ
383 2026 520 2078 πάνθ’
550 2028 866 2092 ὑπισχνοῦντο
892 2027 1022 2088 θὺμῖν
1047 2024 1275 2088 ποιήσειν.
1316 2026 1410 2090 ὁρῶ
1436 2024 1529 2092 γὰρ
1549 2025 1716 2080 αὐτοὺς

196 2110 250 2161 τὸ
287 2110 373 2173 μὲν
411 2116 612 2177 πρῶτον,
649 2110 776 2163 ὅπως
812 2110 1124 2159 καταλύσωσι
1159 2107 1241 2159 τὸν
1279 2111 1443 2171 δῆμον,
1484 2117 1711 2175 προσλα-

195 2193 369 2253 βόντας
404 2193 531 2246 τινας
567 2198 661 2244 τῶν
686 2197 910 2254 πολιτῶν,
937 2191 1091 2255 ἐπειδὴ
1119 2191 1167 2242 δὲ
1193 2196 1319 2242 τοῦτ’
1346 2190 1587 2261 ΐέπραξαν,
1613 2192 1707 2244 πά-

194 2284 272 2327 λιν
297 2277 588 2338 ἐκβαλόντας
614 2276 819 2329 τούτους·
860 2275 966 2328 τοὺς
1004 2276 1085 2325 οὖν
1117 2275 1383 2340 μηδετέροις
1416 2281 1600 2330 πιστῶς
1638 2300 1761 2334 tce-15

249 2434 278 2452 ¹¹¹
300 2427 366 2462 εἴτε
386 2430 469 2462 A.S.
502 2429 702 2473 Legcbatur
722 2427 788 2461 εἴτε
809 2426 873 2464 καί.
972 2435 988 2452 ¹¹
1012 2427 1072 2472 ὡς]
1098 2427 1151 2460 ὅσ’
1173 2428 1213 2461 Α.
1236 2433 1270 2461 et
1291 2440 1412 2473 margo
1433 2428 1474 2462 Y.
1569 2434 1587 2453 0
1605 2430 1709 2469 βασι-

192 2502 294 2548 λέως]
317 2504 484 2542 βασιλεὺς
505 2503 548 2537 ὡς
571 2504 606 2537 S.
720 2508 738 2535 Ρ
758 2503 821 2549 τῷ]
845 2491 906 2536 τόυύ
928 2504 963 2537 S.
1077 2507 1092 2529 Q
1113 2502 1233 2548 αὐτὴν]
1255 2501 1380 2546 ταύτην
1402 2504 1438 2538 S.
1552 2509 1567 2527 ¹·
1585 2502 1708 2536 ἀποδέ-

190 2570 292 2600 χηται
312 2556 393 2590 A.S.
426 2557 626 2602 Legebatur
645 2555 860 2600 ἀποδέχοιτο.
1021 2561 1035 2580 S
1064 2553 1105 2590 ἂν
1125 2568 1196 2590 om.
1221 2557 1335 2590 F.u.v.
1493 2556 1507 2581 t
1534 2554 1652 2590 ’κεῖνον
1673 2556 1708 2590 S.

191 2609 317 2642 ἐκεῖνον
336 2610 454 2655 vulgo.
610 2615 631 2634 ¹1
656 2608 687 2655 γ’
709 2621 780 2644 om.
804 2610 1014 2645 F.Y.O.u.v.
1169 2614 1182 2629 '⁴'
1213 2609 1290 2654 μὲν]
1315 2609 1376 2652 μέν
1396 2624 1479 2644 ποτε
1500 2609 1708 2644 F.Y.O.u.v.

190 2701 209 2728 Y
229 2695 501 2743 ἀντιποιήσεται]
527 2696 765 2740 ἀντιποιήσετε
787 2697 822 2730 S.
982 2703 997 2722 Ζ
1028 2696 1118 2730 τοῦτ’
1142 2697 1218 2731 S.u.
1264 2699 1370 2730 ταῦτα
1391 2697 1429 2731 F.
1474 2696 1566 2731 ταῦτ’
1585 2697 1705 2742 vulgo.

190 2753 209 2772 a
228 2748 308 2782 ὅταν
326 2750 361 2783 S.
391 2747 430 2782 ἂν
449 2751 567 2796 vulgo.
681 2755 694 2769 ¹⁴
715 2750 945 2797 ἀντιποιῆται]
971 2750 1172 2784 ἀντιποιειτε
1195 2750 1229 2783 S.
1342 2755 1357 2775 C
1378 2750 1486 2796 ὑμῶν]
1512 2750 1604 2794 ἡμῶν
1625 2750 1704 2784 F.S.

189 2797 207 2825 d
226 2805 293 2835 τῶν
312 2815 382 2837 om.
407 2803 451 2838 Ο.
475 2811 554 2849 post
573 2804 706 2837 πάντων
726 2811 865 2849 ponunt
884 2805 1089 2839 A.F.Y.u.v.
1198 2808 1214 2827 θ
1235 2803 1312 2847 ὑμῖν
1332 2804 1456 2837 A.F.S.
1488 2803 1566 2847 ἡμῖν
1586 2804 1704 2849 vulgO.

188 2884 204 2911 f
219 2889 386 2935 ἔπραξαν]
410 2862 554 2936 ἕπραξίιν
576 2891 613 2924 F.
