1882 3250
18 151 84 190 24,
101 152 132 178 σ.
608 140 967 178 οΛΎΝΘΙΑΚοΣ
1000 143 1047 178 A.
1533 144 1589 185 27

74 248 223 314 εἶναι)·
267 254 303 299 εἰ
341 250 396 299 δέ
427 272 496 303 τις
522 249 734 316 σώφρων
772 250 800 314 ἢ
840 252 1013 305 δίκαιος
1048 252 1210 305 ἄλλως
1250 261 1324 303 οτε
1359 253 1445 317 τὴν
1484 258 1584 306 καθ’

73 331 246 396 ἡμέραν
272 333 505 397 ἀκρασίαν
530 337 613 381 τοῦ
638 332 745 391 βίου
779 336 854 383 καὶ
878 334 1025 398 μέθην
1061 337 1135 385 καὶ
1162 336 1507 401 κορδακισμοὺς
1533 339 1586 388 οὐ

73 413 324 477 δυνάμενος
362 415 532 481 φέρειν,
559 419 867 479 Ι’παρεῶσθαι
907 420 979 467 καὶ
1017 420 1064 467 ἐν
1091 418 1274 471 οὐδενὸς
1313 417 1427 469 εἶναι
1461 420 1586 486 μέρει

14 498 156 556 19τὸν
192 506 417 549 τοιοῦτον.
466 502 657 552 λοιποὺς
698 504 752 566 δὴ
792 506 896 569 περὶ
937 501 1078 557 αὑτὸν
1123 501 1237 553 εἶναι
1283 503 1466 570 λῃστὰς
1510 507 1636 563 καὶι5

74 583 278 636 κόλακας
305 585 405 633 Ἶκαὶ
432 586 663 639 τοιούτους
692 586 980 652 ἀνθρώπους,
1007 587 1126 639 οἵους
1153 587 1472 650 μεθυσθέντας
1499 589 1578 654 ὁρ·

71 670 257 732 χεῖσθαι
295 673 485 716 τοιαῦτα
511 667 585 718 οἷα
619 668 710 734 ἐγὼ
747 675 828 719 νῦν
866 671 986 719 ὀκνῶ
1025 669 1141 734 πρὸς
1181 672 1297 732 ὑμᾶς
1332 672 1580 731 ὀνομάσαι.

72 751 217 810 δῆλον
244 750 281 798 δ’
311 749 379 799 ὅτι
406 752 531 800 ταῦτ’
561 753 690 801 ἐστὶν
717 755 884 815 ἀληθῆ·
926 757 1000 802 καὶ
1026 753 1119 817 γὰρ
1146 752 1224 805 οὓς
1258 753 1434 803 ἐνθένδε
1468 754 1585 803 πάν-

71 854 146 884 τες
185 833 458 896 ἀπήλαυνον
496 837 558 888 ὡς
591 835 717 885 πολὺ
755 840 849 885 τῶν
887 840 1245 898 θαυματοποιῶν
1287 837 1579 902 ἀσελγεστέ-

70 938 177 981 ρους
209 915 358 977 ὄντας,
390 919 612 968 Καλλίαν
649 921 818 969 ἐκεῖνον
849 918 931 969 τὸν
969 919 1198 984 δημόσιον
1235 922 1310 970 καὶ
1348 920 1583 973 τοιούτους
1601 949 1637 970 20

71 999 359 1065 ἀνθρώπους,
392 1002 560 1063 μίμους
598 1003 798 1066 γελοίων
838 1003 912 1053 καὶ
951 1002 1144 1066 ποιητὰς
1180 1007 1394 1069 αἰσχρῶν
1429 1003 1584 1071 ᾀσμά-

70 1105 164 1133 των
189 1080 254 1132 ῶν
280 1086 341 1136 εἷς
377 1082 485 1136 τοὺς
510 1083 740 1137 συνόντας
766 1092 985 1136 ποιοῦσιν
1011 1087 1141 1136 ἕνεκα
1166 1092 1248 1136 τοῦ
1275 1090 1584 1153 γελασθῆναι,

33 1165 260 1219 οτούτους
299 1168 462 1235 ἀγαπᾷ
505 1169 580 1216 καὶ
618 1169 722 1233 περὶ
764 1166 904 1217 αὑτὸν
943 1167 1050 1234 ἔχει.
1093 1169 1239 1218 καίτοι
1281 1174 1441 1229 ταῦτα,
1485 1171 1584 1218 Γκαὶ

71 1254 106 1300 εἷ
143 1249 286 1317 μικρά
324 1273 392 1303 τις
432 1251 622 1316 ἡγεῖται,
666 1249 868 1316 μεγάλα,
909 1248 945 1300 ὦ
986 1251 1150 1317 ἄνδρες
1190 1253 1444 1314 Ἀθηναῖοι,
1484 1253 1578 1301 δεί-
1596 1279 1633 1309 ²5

69 1356 228 1398 γματα
265 1337 346 1398 τῆς
389 1335 558 1385 ἐκείνου
599 1336 789 1399 γνώμης
829 1338 903 1385 καὶ
945 1336 1300 1398 κακοδαιμονίας
1342 1337 1444 1385 ἐστὶ
1487 1340 1584 1389 τοῖς

70 1418 119 1467 εὖ
163 1422 436 1485 φρονοῦσιν.
479 1420 606 1481 ἀλλ’,
642 1416 782 1481 οἶμαι,
822 1425 903 1469 νῦν
942 1418 1024 1480 μὲν
1064 1421 1336 1469 Βέπισκοτεῖ
1376 1418 1585 1473 ῒτούτοις

69 1501 123 1553 τὸ
160 1507 434 1569 κατορθοῦν·
477 1507 523 1553 αἱ
565 1502 657 1568 γὰρ
703 1503 947 1571 εὐπραξίαι
991 1505 1131 1553 δειναὶ
1173 1502 1480 1571 ιισυγκρύψαι
1524 1502 1584 1553 τὰ

70 1593 259 1637 τοιαῦτα
304 1588 468 1651 ὀνείδη·
514 1592 551 1638 εὶ
599 1588 654 1638 δέ
690 1611 733 1637 τι
783 1589 1013 1649 Χπταίσει,
1058 1587 1152 1637 τότ’
1194 1589 1399 1653 ἀκριβῶς
1443 1589 1584 1639 αὑτοῦ

38 1691 55 1718 1
70 1671 223 1720 yrafir'
251 1669 636 1738 ἐξετασθήσεται.
682 1674 809 1720 δοκεῖ
830 1674 865 1721 δ’
888 1671 1057 1736 ἔμοιγε,
1085 1668 1121 1721 ῶ
1142 1671 1303 1737 ἄνδρες
1328 1673 1582 1736 Ἀθηναῖοι,
1599 1695 1653 1735 24

72 1753 235 1821 δείξειν
274 1755 355 1804 οὐκ
398 1759 459 1807 εἷς
496 1754 694 1821 μακρὰν,
735 1754 791 1805 ἂν
830 1757 875 1805 οἵ
907 1778 955 1805 τε
996 1757 1090 1806 θεοὶ
1134 1756 1312 1805 θέλωσι
1347 1758 1423 1805 καὶ
1460 1757 1583 1819 ὑμεῖς

70 1838 332 1903 βούλησθε.
375 1837 538 1906 ὥσπερ
577 1839 670 1905 γὰρ
712 1842 760 1889 ἐν
800 1844 896 1892 τοῖς
941 1839 1204 1903 Ζσώμασιν,
1245 1840 1355 1892 ῧὲως
1398 1839 1482 1902 μὲν
1526 1839 1584 1890 ἀν

72 1923 325 1989 ἐρρωμένος
366 1921 420 1990 ὺῇ
459 1946 540 1985 τις,
581 1923 712 1973 οὐδὲν
751 1922 1082 1973 ἐπαισθάνεται
1122 1927 1239 1973 ςτῶν
1276 1925 1374 1973 καθ’
1405 1924 1584 1974 ἕκαστα

73 2011 280 2072 σαθρῶν,
318 2006 434 2057 ἐπὰν
473 2007 521 2056 δὲ
556 2005 848 2072 ἀρρώστημά
885 2029 929 2056 τι
970 2010 1152 2074 συμβῇ,
1193 2006 1348 2057 πάντα
1381 2012 1609 2070 κινεῖται,5

69 2089 154 2140 κᾶν
191 2092 350 2156 ῥῆγμα
388 2092 473 2140 κᾶν
514 2089 733 2155 στρέμμα
768 2088 854 2139 κᾶν
891 2089 1016 2139 ἄλλο
1054 2113 1098 2139 τι
1141 2094 1235 2140 τῶν
1277 2091 1583 2157 ὑπαρχόντων

123 2241 142 2261 ⁰
171 2251 208 2270 τε
238 2236 370 2270 addidit
396 2236 640 2270 Doederlinus.
807 2240 825 2267 P
852 2235 1047 2279 παρεῶσθαι
1078 2235 1301 2268 A.B.F.S.Y.
1341 2237 1581 2281 παρεωρᾶσθαι

70 2290 186 2335 vulgo.
245 2290 376 2323 Eadem
403 2290 584 2335 scripturae
605 2288 784 2322 diversitas
814 2301 849 2333 p.
868 2288 916 2335 65
923 2298 957 2334 5,
988 2297 1042 2335 15.
1066 2289 1125 2322 ubi
1149 2289 1227 2322 libri
1246 2290 1498 2334 παρεωρᾶσθαι,
1520 2291 1581 2324 sed

71 2349 239 2377 annotato
258 2343 294 2377 in
313 2355 422 2388 marg.
445 2344 480 2377 S.
503 2357 558 2388 γρ.
578 2342 786 2387 παρεῶσθαι.
914 2350 932 2377 ‘1
955 2343 1006 2375 καὶ
1026 2354 1095 2375 om.
1118 2342 1154 2376 S.
1173 2343 1233 2375 sed
1254 2343 1375 2376 eadem
1391 2355 1437 2376 m.
1458 2350 1581 2388 postea

72 2396 226 2430 inseruit.
364 2402 378 2420 Γ
399 2397 450 2429 καὶ
470 2396 498 2429 εἷ
517 2396 602 2429 AB,
634 2396 662 2428 εἶ
682 2396 733 2428 καὶ
753 2395 872 2440 vulgo.
894 2410 949 2440 γρ.
971 2398 1006 2428 ἐν
1026 2395 1122 2442 ἄλλῳ
1143 2396 1194 2429 καὶ
1215 2396 1243 2428 εἷ
1262 2395 1306 2438 μὴ
1327 2397 1471 2440 κρίνεται
1493 2398 1580 2439 (non

72 2448 216 2494 κρίνεται
235 2450 379 2495 μεγάλα,
397 2450 491 2494 quod
511 2449 674 2483 Reiskius
694 2454 826 2491 narrat)
841 2460 962 2493 margo
977 2449 1018 2481 B.
1095 2454 1108 2473 S
1130 2449 1318 2494 ἐπισκοτεῖ]
1344 2452 1521 2483 ἐπισκοτοῖ
1537 2451 1576 2484 Y.

72 2501 87 2526 t
105 2501 254 2548 τούτοις]
277 2518 333 2548 γρ.
355 2505 426 2538 τοῖς
445 2501 610 2537 τοιούτοις
631 2502 718 2535 B.F.
764 2502 819 2535 Sic
840 2514 872 2547 p.
895 2511 977 2547 155,
1001 2512 1062 2547 23.
1185 2508 1205 2526 ¹1
1226 2501 1426 2547 συγκρύψαι
1447 2503 1575 2538 B.F.S.

73 2555 270 2601 συγκρύψαι
291 2558 343 2590 καὶ
363 2557 550 2590 συσκιάσαι
564 2556 682 2601 vulgo.
703 2570 759 2600 γρ.
775 2556 962 2588 συσκιάσαι
979 2555 1018 2589 F.
1034 2563 1068 2589 et
1083 2567 1205 2600 margo
1225 2568 1292 2588 rec.
1317 2556 1352 2588 S.
1386 2556 1578 2600 συγκρίψαι

71 2608 144 2643 ἀντὶ
162 2612 223 2643 τοῦ
244 2610 430 2643 συσκιάσαι
450 2621 571 2655 margo
592 2609 634 2642 B.
685 2608 788 2642 Conf.
810 2621 845 2653 p.
870 2616 953 2654 155,
974 2619 1034 2652 24.
1146 2614 1164 2632 X
1185 2608 1322 2641 πταίσει
1342 2609 1576 2644 A⁴.B.F.S.Y.

70 2662 223 2697 πταίσειε
241 2664 360 2708 vulgo.
526 2669 544 2695 5
572 2661 665 2696 ταῦτ’
685 2661 966 2706 ἐξετασθήσεται]
1000 2660 1095 2695 πάντ1
1116 2661 1382 2705 ἐξετασθήσεται
1407 2665 1512 2696 ταῦτα
1531 2663 1575 2697 Y.

71 2717 175 2749 ταῦτα
191 2715 287 2749 πάντ’
308 2715 575 2760 ἐξετασθήσεται
594 2716 636 2748 Α.
714 2722 729 2740 2
750 2716 908 2757 σώμασιν
927 2715 1060 2749 A.S.Y.
1081 2721 1115 2748 et
1136 2714 1297 2748 Stobaeus
1317 2715 1408 2748 Flor.
1434 2726 1519 2756 100,
1540 2727 1576 2762 9.

73 2767 270 2814 Legebatur
290 2771 449 2812 σώμασιν
468 2769 570 2812 ἡμῶν.
713 2773 732 2792 a
752 2767 828 2812 ἕως]
852 2767 934 2801 τέως
952 2767 1300 2801 A.B.F.O.S.Y.u.v.
1350 2768 1393 2801 In
1412 2768 1472 2803 ἕως
1492 2781 1576 2803 con-

73 2822 177 2856 sentit
199 2823 367 2856 Stobaeus.
478 2818 498 2846 b
518 2818 539 2864 ᾖ
556 2821 625 2867 τις]
649 2835 699 2855 τις
716 2817 740 2863 ᾗ
757 2821 848 2855 A.Y.
947 2826 963 2845 ⁰
982 2821 1241 2866 τῶν-σαθρῶν
1259 2833 1329 2855 om.
1351 2834 1404 2866 pr.
1429 2822 1465 2857 S.

783 2893 853 2921 ΕΖ
