1903 3271
266 187 353 226 350
811 194 1238 233 ΔΗΜΟΣΘΕΝΟΎΣ
1329 194 1413 234 ΟΒ.
1435 193 1617 235 XVIII.
1643 209 1679 249 p.
1698 208 1795 250 331,
1815 213 1827 238 ι

267 322 382 354 στος
425 302 473 351 ἐν
510 300 640 369 τάξει
677 304 752 353 καὶ
793 303 939 368 μέγας
978 307 1052 355 καὶ
1088 305 1309 371 λαμπρὸς
1345 306 1654 375 ἱπποτρόφος,
1691 309 1784 374 ἐγὼ

267 383 304 431 δ’
334 383 547 447 ἀσθενὴς,
576 386 812 450 ὁμολογῶ,
840 388 949 436 ἀλλ’
978 388 1135 440 εὔνους
1160 393 1350 449 μᾶλλον
1376 391 1505 452 ὑμῶν
1530 388 1836 442 1’τουτοισί.2ο

169 475 252 516 395
268 465 349 516 δύο
395 468 450 525 δ’,
495 465 564 517 οὦ
609 469 771 533 ἄνδρες
811 470 1067 533 Ἀθηναῖοι,
1111 469 1230 521 ᾰτὸν
1276 472 1421 536 φύσει
1465 473 1652 539 μέτριον
1697 497 1784 525 πο-
1855 487 1873 518 ³³

266 549 403 613 λίτην
448 563 467 583 (’
487 551 606 617 ἔχειν
647 555 719 601 δεῖ
756 553 906 620 (οὕτω
948 552 1041 618 γάρ
1083 577 1163 616 μοι
1204 557 1311 621 περὶ
1356 557 1555 618 ἐμαυτοῦ
1594 558 1783 622 λε’γοντι
1849 577 1870 673 ¹

267 634 709 701 ἀνεπιφθονώτατον
748 637 933 704 εἰπεῖν),
960 638 1008 686 ἐν
1045 636 1129 699 μὲν
1167 643 1266 692 ταῖς
1305 639 1540 707 ἐξουσίαις
1577 639 1662 703 τὴν
1701 647 1784 692 τοῦ

266 719 480 782 γενναίου
506 716 521 743 f

524 721 599 768 καὶ
631 725 740 769 ἕτοῦ
778 721 1008 785 πρωτείου
1041 725 1098 788 τῇ
1136 722 1273 772 πόλει
1305 723 1582 788 προαίρεσιν
1608 725 1834 793 διαφυ-25

266 801 470 863 λάττειν,
497 804 545 852 ἐν
569 805 708 853 παντὶ
736 804 784 854 δὲ
811 808 956 873 καιρῷ
993 808 1068 856 καὶ
1106 804 1275 874 πράξει
1314 805 1400 870 τὴν
1434 808 1627 858 εὔνοιαν·
1670 808 1783 859 τού-

266 907 350 934 του
388 884 482 951 γὰρ
521 886 548 949 ἡ
589 886 735 953 φύσις
776 889 930 954 κυρία,
971 894 1054 939 τοῦ
1099 888 1355 941 1’δύνασθαι
1401 890 1449 940 δὲ
1493 893 1567 940 καὶ
1605 890 1786 958 ἰσχύειν

268 971 415 1034 ἕτερα.
477 969 650 1034 ταύτην
700 972 855 1022 τοίνυν
904 974 1013 1038 παρ’
1057 974 1158 1035 ἐμοὶ
1207 979 1515 1037 μεμενηκυῖαν
1566 973 1786 1040 εὑρήσετε

169 1057 253 1109 396
267 1054 446 1106 ἁπλῶς.
493 1055 629 1119 ὁρᾶτε
657 1055 721 1105 δέ.
765 1057 847 1106 οὐκ
886 1056 1222 1124 ἐξαιτούμενος,
1247 1058 1330 1107 οὐκ
1362 1055 1786 1126 ἱἈμφικτυονικὰς

447 1136 467 1163 k
814 1139 825 1166 1

267 1137 397 1190 δίκας
841 1141 924 1191 οὐκ
976 1140 1308 1202 ἀπειλούντων,
1355 1141 1438 1191 οὐκ
1488 1143 1875 1206 ἐπαγγελλο>33ῦ

484 1138 769 1204 ἐπαγόντων,

265 1221 430 1283 με’νων,
459 1223 599 1289 Ι’Πούχὶ
637 1222 743 1276 τοὺς
783 1223 1074 1290 καταράτους
1112 1223 1304 1277 τούτους
1337 1223 1500 1290 ὥσπερ
1540 1227 1678 1290 θηρία
1707 1249 1788 1288 μοι

265 1306 694 1369 προσβαλλόντων,
732 1309 945 1371 οὐδαμῶς
986 1308 1113 1373 ηἐγὼ
1138 1309 1411 1374 προδέδωκα
1449 1308 1534 1373 τὴν
1569 1313 1631 1363 εἷς
1670 1311 1787 1373 ὑμᾶς

266 1391 459 1442 εὔνοιαν.
499 1390 671 1457 τὸγὰρ
711 1391 767 1460 ἐξ
797 1394 944 1459 ἀρχῆς
983 1392 1114 1445 εὐθὺς
1153 1391 1296 1458 ὀρθὴν
1335 1394 1410 1443 καὶ
1449 1394 1629 1443 δικαίαν
1663 1393 1788 1457 0τὴν

266 1473 376 1524 ὁδὸν
414 1478 498 1538 τῆς
534 1478 774 1530 πολιτείας
813 1476 1019 1542 εἱλόμην,
1059 1477 1142 1531 τὰς
1180 1476 1330 1541 τιμὰς,
1373 1477 1456 1531 τὰς
1496 1478 1816 1541 δυναστείας,5

266 1556 350 1611 τὰς
408 1559 618 1627 εὐδοξίας
681 1559 802 1614 Ι’τὰς
858 1564 940 1624 τῆς
1000 1563 1225 1627 πατρίδος
1283 1561 1564 1627 θεραπεύειν,
1615 1561 1788 1616 ταύτας

169 1658 251 1701 397
268 1643 438 1711 αὔξειν,
466 1643 584 1706 μετὰ
610 1644 788 1695 τούτων
814 1643 944 1696 εἶναι.
988 1647 1070 1696 οὐκ
1107 1647 1181 1697 ἐπὶ
1215 1645 1299 1709 μὲν
1325 1650 1420 1699 τοῖς
1457 1645 1625 1712 ἑτέρων
1651 1647 1783 1697 εὐτυ-

265 1726 450 1793 χήμασι
487 1727 685 1796 φαιδρὸς
726 1729 817 1794 ἐγὼ
858 1732 933 1780 καὶ
971 1728 1185 1794 γεγηθὼς
1225 1728 1344 1779 κατὰ
1379 1728 1466 1793 τὴν
1497 1728 1675 1795 ἀγορὰν
1707 1752 1790 1781 πε-

263 1811 520 1878 ριέρχομαι,
548 1813 634 1876 τὴν
661 1812 817 1882 δεξιὰν
842 1814 1098 1880 προτείνων
1122 1817 1196 1863 καὶ
1224 1811 1636 1879 εὐαγγελιζόμενος
1673 1812 1780 1864 τού·
1802 1833 1848 1856 ῐα

262 1917 358 1947 τοις
397 1894 474 1948 οὓς
511 1893 567 1945 ἂν
593 1895 1094 1967 ἐκεῖσεῐάπαγγέλλειν
1127 1894 1334 1958 Ἷοῖωμαι,
1361 1899 1456 1945 τῶν
1489 1894 1538 1945 δὲ
1573 1898 1655 1958 τῆς
1693 1892 1782 1946 πό-

263 1984 383 2032 λεως
409 1980 601 2044 ἀγαθῶν
635 1979 875 2048 πεφρικὼς
913 1979 1098 2030 Γοἰκούω
1133 1981 1209 2029 καὶ
1248 1978 1451 2030 Ξστένων
1487 1981 1562 2029 καὶ
1598 1979 1787 2030 κύπτων

263 2065 325 2115 εἶς
364 2060 450 2126 τὴν
475 2065 579 2128 γῆν,
609 2060 774 2129 ὥσπερ
801 2067 843 2114 οὶ
868 2067 1120 2124 δυσσεβεῖς
1159 2063 1298 2124 οὗτοι,
1325 2062 1368 2113 οἳ
1404 2062 1491 2127 τὴν
1522 2061 1608 2125 μὲν
1642 2062 1786 2114 πόλιν

263 2144 586 2212 διασύρουσιν,
613 2143 776 2212 ὥσπερ
817 2148 904 2213 οὐχ
942 2145 1108 2199 αὑτοὺς
1146 2146 1466 2212 διασύροντες,
1498 2145 1611 2196 ὅταν
1645 2151 1785 2196 τοῦτο

261 2235 477 2293 ποιῶσιν,
512 2230 604 2299 ἔξω
641 2231 689 2282 δὲ
723 2231 976 2292 βλέπουσι,
1011 2233 1087 2281 καὶ
1121 2233 1170 2282 ἐν
1208 2230 1275 2284 οἷς
1312 2230 1656 2297 ἀτυχησάντων
1691 2235 1836 2287 τῶνι5

263 2313 516 2378 Ἑλλήνων
554 2314 840 2382 ἴεύτύχησεν
885 2316 1051 2381 ἕτερος,
1092 2316 1219 2366 ταῦτ’
1257 2316 1500 2366 ἐπαινοῦσι
1544 2317 1619 2365 καὶ
1660 2314 1786 2370 ὅπως

263 2397 346 2448 τὸν
373 2397 560 2449 ἅπαντα
586 2398 757 2465 χρόνον
783 2406 804 2424 ¹¹
814 2404 943 2462 μενεῖ
965 2401 1088 2467 φασὶ
1116 2402 1210 2450 δεῖν
1236 2403 1403 2464 τηρεῖν.

318 2517 339 2546 b
358 2517 690 2569 rovrocaisrofirots-
709 2521 755 2560 Q.
841 2526 857 2545 ⁰
877 2517 902 2554 ὦ
922 2533 992 2555 om.
1018 2521 1174 2566 F.S.p.v.
1273 2516 1291 2544 d
1312 2521 1371 2553 τὸν
1393 2520 1430 2554 S.
1462 2520 1664 2566 Legebatur
1682 2522 1787 2554 ταῦτα

265 2577 336 2609 τόν.
450 2580 466 2599 θ
485 2575 576 2619 ἔχειν
596 2574 662 2620 δεῖ]
687 2575 779 2608 δοκεῖ
796 2580 821 2608 t.
933 2571 948 2598 f
965 2575 1017 2608 καὶ
1037 2574 1277 2608 A.S.O.k.s.u.
1310 2575 1362 2607 καὶ
1380 2573 1441 2616 τὴν
1456 2574 1574 2619 vulgo.
1687 2579 1708 2607 g
1726 2575 1788 2607 τοῦ

266 2641 336 2663 om.
360 2628 510 2663 O.k.s.u.
595 2625 616 2652 h
637 2626 803 2662 δύνασθαι
823 2627 859 2661 δέ
876 2627 1190 2673 F.S.Y.Q.p.r.t.v.
1222 2627 1422 2672 Legebatur
1442 2627 1479 2660 δὲ
1499 2627 1676 2667 δύνασθαι,
1693 2626 1788 2672 quod

268 2682 433 2716 Reiskius
453 2694 496 2715 ex
515 2684 556 2716 A.
580 2682 677 2726 (k.s.)
698 2687 875 2727 posuerat.
960 2678 970 2705 i
990 2680 1173 2726 Ἀμφικτ.]
1199 2680 1245 2715 εἷς
1264 2681 1407 2725 ἀμφικτ.
1429 2680 1518 2714 AX.
1604 2676 1624 2704 k
1645 2680 1787 2726 ἐπαγόν-

266 2750 333 2769 των
353 2735 597 2770 A.S.O.k.s.u.
639 2735 835 2781 ἐπειγόντων
853 2749 911 2779 μοι
931 2735 1049 2780 vulgo.
1207 2731 1217 2758 Ῑ
1246 2734 1306 2767 οὐκ
1334 2731 1564 2767 ἀπειλούντων
1583 2745 1653 2786 0131.
1674 2745 1725 2779 pr.
1748 2733 1784 2766 S.

266 2794 296 2813 Π]
312 2788 406 2834 οὐχὶ]
430 2789 492 2833 οὐχ
514 2788 566 2822 ὅτι
586 2789 662 2827 Q.1·.
695 2789 734 2821 οὐ
753 2789 859 2833 k.p.S.
995 2794 1013 2812 Π
1034 2788 1100 2834 ἐγὼ
1119 2787 1333 2833 προδέδωκα]
1358 2786 1552 2831 προδέδωκα
1573 2787 1638 2832 ἐγὼ
1660 2786 1784 2832 F.Q.p.

265 2848 357 2877 r.t.v.
482 2847 500 2866 0
521 2842 581 2885 τὴν
601 2854 671 2876 om.
694 2842 898 2887 Q.O.p.r.u.
1021 2846 1040 2875 P
1061 2842 1120 2876 τὰς
1141 2853 1210 2874 om.
1233 2840 1391 2886 F.Q.p.r.
1517 2846 1536 2873 q
1556 2838 1694 2886 οἴωμαι]
1719 2838 1786 2873 οἵο-

264 2911 324 2939 μαι
344 2902 369 2930 t.
482 2901 496 2919 Γ
516 2895 642 2941 ἀκούω]
666 2894 796 2929 ἀκούων
816 2895 893 2934 Q.r.
1013 2901 1027 2919 S
1049 2894 1195 2940 στένων]
1218 2892 1348 2927 σθένων
1369 2893 1452 2927 O.k,
1566 2892 1579 2918 t
1599 2892 1786 2937 εὐτύχησεν

265 2947 395 2994 ἕτερος]
419 2947 532 2992 ἕτερος
552 2948 739 2993 εὐτύχησεν
758 2948 958 2983 A.O.k.s.u.
1089 2953 1110 2972 ¹¹
1129 2949 1220 2990 μενεῖ
1242 2947 1276 2980 S.
1320 2948 1411 2991 μένει
1432 2947 1541 2981 A.k.s.
1588 2947 1786 2993 Legebatur

266 3002 424 3045 διαμενεῖ.
457 3002 603 3046 διαμένει
623 3002 668 3041 Q.
699 3002 835 3046 διαμένη
856 3014 878 3047 p
896 3015 923 3036 r.
