1930 3266
271 185 356 226 274
817 192 1244 230 AIIMOEQENO'IE
1330 190 1413 229 on.
1438 190 1621 231 XVIII.
1643 203 1684 244 p.
1704 189 1798 238 260,
1817 182 1922 241 ισ-ςέ

270 296 532 363 ἠνάγκασα,
570 300 677 354 τοὺς
714 303 986 363 πλουσίους,
1016 302 1121 355 τοὺς
1160 302 1208 352 δὲ
1246 302 1448 366 πένητας
1487 302 1650 353 ε”παυσ’
1680 303 1780 352 ἀδι-

271 383 532 445 κουμένους,
568 389 626 451 τῇ
664 385 801 435 πόλει
837 387 874 436 δ’
911 386 1025 451 ὅπερ
1063 385 1120 449 ἦν
1154 386 1531 452 χρησιμώτατον,
1559 388 1607 437 ἐν
1642 390 1786 454 καιρῷ

1377 471 1390 487 Ν

270 467 519 531 γίγνεσθαι
559 466 672 520 ἔτας
715 468 1018 533 παρασκευας
1057 469 1273 532 ἐποίησα.
1317 491 1393 518 και
1438 469 1664 537 Ι’γραφεὶς
1704 467 1787 519 τὸν

270 548 432 612 ἀγῶνα
459 547 639 599 ἰτοῦτον
679 554 740 603 εἰς
781 553 897 613 ὑμᾶς
937 554 1161 614 εἰσῆλθον
1197 553 1271 600 καὶ
1298 551 1558 618 ἀπέφυγον,
1586 553 1659 600 καὶ
1693 549 1784 601 1(τὸ
1799 575 1839 597 20

268 738 396 778 ματα
421 714 551 769 1τοὺς
583 717 813 781 ἡγεμόνας
839 721 934 767 τῶν
959 722 1235 782 συμμοριῶν
1263 716 1290 781 ἦ
1317 715 1424 771 τοὺς
1451 718 1686 783 δευτέρους
1712 719 1788 768 καὶ

269 799 451 864 τρίτους
469 799 630 849 οἴεσθέ
643 823 721 862 μοι
740 800 927 863 διδόναι,
944 800 1068 851 ὥστε
1088 800 1302 864 μάλιστα
1321 801 1405 864 μὲν
1424 801 1487 864 μὴ
1506 806 1687 852 ῐῃθεῖναι
1705 800 1788 852 τὸν

871 883 883 899 Χ

269 880 412 945 νόμον
448 888 627 945 τοῦτον,
664 887 700 933 εἰ
740 883 788 933 δὲ
824 907 902 947 μη,
930 884 1294 945 Πκαταβαλόντα
1326 887 1403 935 ε’ἇν
1430 887 1477 935 ἐν
1504 886 1784 953 ὑπωμοσίᾳς

1928 549 1930 565 1

1927 575 1930 613 Ι

319 632 332 648 Ι
476 637 495 645 Α
613 631 624 647 Ι
765 635 774 648 e
874 634 886 650 J
1050 634 1059 648 9
1128 633 1148 650 ν
1414 635 1424 651 t
1566 632 1577 648 l
1749 632 1761 649 Ι
1928 619 1930 656 Ι

178 647 256 690 129
269 654 407 695 μερος
433 655 527 682 των
552 635 734 701 ψηφων
756 657 779 683 ο
807 637 986 683 διωκων
1011 656 1092 683 ουκ
1119 638 1303 693 ελαβεν.
1345 656 1493 684 καιτοι
1516 656 1648 684 ποσα
1672 656 1788 700 χρη-

398 971 418 980 a
448 967 458 982 ν
534 963 553 986 '5
611 967 634 984 ν
810 968 820 983 9
996 973 1015 982 Α
1117 968 1138 985 el
1264 970 1274 983 θ
1351 969 1363 984 Ι
1488 971 1497 985 ³
1549 967 1566 987 ,x
1739 967 1753 984 x

267 988 447 1016 τοσαυτ
463 1007 475 1028 ,
516 989 552 1016 ω
599 969 761 1032 ανδρες
828 972 1068 1031 Αθηναιοι,
1115 991 1209 1019 οσα
1253 991 1487 1032 οκνησαιμ
1538 992 1596 1018 αν
1634 976 1652 995 ⁰
1668 992 1786 1035 προς
1798 993 1836 1025 25
1924 987 1930 1066 Ι

176 1064 254 1105 130
269 1050 386 1111 ὑμᾶς
421 1053 578 1100 εἰπεῖν.
634 1053 709 1100 καὶ
747 1052 872 1101 ταῦτ’
903 1051 1088 1104 εἰκότως
1124 1051 1354 1118 ἔπραττον
1380 1054 1556 1102 ἐκεῖνοι.
1610 1049 1668 1115 ἧν
1694 1051 1787 1118 γὰρ

267 1133 421 1185 αὐτοῖς
448 1135 496 1183 ἐκ
523 1132 607 1194 μὲν
629 1138 723 1183 τῶν
744 1134 1012 1199 ρπροτέρων
1040 1134 1195 1197 νόμων
1221 1136 1553 1185 συνεκκαίδεκα
1580 1141 1789 1201 λειτουρ-

264 1221 377 1281 γεῖν,
417 1217 572 1269 αὐτοῖς
616 1216 700 1279 μὲν
746 1215 889 1282 μικρὰ
937 1219 1012 1267 καὶ
1059 1217 1190 1268 οὐδὲν
1233 1219 1563 1281 ἀναλίσκουσι,
1601 1216 1709 1271 τοὺς
1747 1221 1785 1268 δ’

265 1299 470 1366 ἀπόρους
495 1305 589 1350 τῶν
614 1306 824 1351 πολιτῶν
850 1302 1184 1366 ἐπιτρίβουσιν,
1213 1304 1262 1352 ἐκ
1295 1301 1343 1353 δὲ
1377 1308 1459 1352 τοῦ
1497 1304 1609 1364 ἐμοῦ
1644 1302 1787 1366 νόμου
1802 1312 1876 1353 261

264 1381 318 1432 τὸ
345 1382 623 1448 γιγνόμενον
649 1383 767 1435 κατὰ
795 1383 880 1448 τὴν
906 1385 1073 1436 οὐσίαν
1107 1386 1309 1436 ἕκαστον
1343 1385 1531 1448 τιθέναι,
1559 1387 1634 1435 καὶ
1660 1389 1787 1437 δυοῖν

264 1467 414 1535 ἐφάνη
439 1467 721 1535 τριήραρχος
747 1469 771 1518 ὁ
797 1472 878 1532 τῆς
904 1474 1011 1532 μιᾶς
1038 1470 1166 1523 ἕκτος
1192 1472 1266 1520 καὶ
1294 1469 1511 1522 (ἱδέκατος
1536 1468 1787 1535 ΙΓπρότερον

264 1550 513 1614 συντελής·
558 1552 689 1602 8οὐδὲ
721 1551 814 1618 γὰρ
841 1551 1149 1620 τριηράρχους
1180 1553 1275 1603 ῒὲτι
1310 1552 1548 1618 ὠνόμαζον
1581 1552 1784 1614 ἑαυτοὺς,

173 1653 247 1695 131
265 1633 396 1684 ἀλλὰ
423 1640 676 1688 συντελεῖς.
733 1635 889 1685 υῶστε
916 1635 972 1699 δὴ
998 1642 1146 1686 ταῦτα
1181 1639 1380 1699 λυθῆναι
1420 1638 1494 1686 καὶ
1528 1635 1593 1699 μὴ
1623 1635 1682 1686 τὰ
1709 1637 1777 1686 δι’·
1797 1655 1814 1688 5

265 1741 372 1768 καια
409 1723 557 1769 ποιεῖν
591 1721 962 1784 ἀναγκασθῆναι,
989 1720 1105 1769 X0131<
1140 1719 1243 1769 ἔσθ’
1281 1719 1305 1770 ὅ
1343 1742 1387 1770 τι
1426 1721 1508 1770 οὐκ
1544 1721 1779 1770 ἐδίδοσαν.

266 1802 366 1850 Καί
399 1825 478 1864 μοι
517 1802 627 1866 λέγε
665 1807 854 1867 πρῶτον
892 1801 976 1865 μὲν
1010 1801 1063 1852 τὸ
1098 1802 1337 1870 ψήφισμα
1373 1803 1474 1853 καθ’
1503 1801 1528 1853 δ
1557 1805 1785 1866 εἰσῆλθον

263 1882 348 1947 τὴν
382 1883 588 1952 γραφὴν,
627 1882 725 1935 εἶτα
763 1884 870 1938 τοὺς
907 1884 1241 1950 Υκαταλόγους,
1269 1884 1351 1935 τόν
1382 1890 1423 1935 τ’
1452 1887 1501 1935 ἐκ
1537 1890 1619 1936 τοῦ
1657 1908 1780 1951 προ-

263 1966 398 2033 τέρου
425 1966 596 2030 Ζνόμου
622 1969 697 2017 καὶ
724 1966 834 2018 ἢτὸν
860 1966 980 2018 κατὰ
1005 1965 1117 2018 brbv
1142 1966 1267 2030 ἐμόν.
1324 1967 1447 2032 λε’γε.
1799 1992 1838 2014 ιο

877 2066 1169 2108 ΨΗΦΙΣΜΑ.

173 2149 249 2190 132
376 2139 469 2178 Ἐπὶ
497 2139 686 2191 ἄρχοντος
711 2137 981 2186 Πολυκλέους,
1005 2137 1126 2188 μηνὸς
1152 2140 1443 2189 βοηδρομιῶνος
1471 2138 1560 2193 ἕκτῃ
1586 2138 1648 2178 ἐπὶ
1677 2137 1782 2186 δέκα,

323 2208 450 2257 φυλῆς
477 2206 819 2258 οπρυτανευούσης
848 2203 1189 2251 (ῙἹπποθωντίδος,
1220 2205 1476 2256 Δημοσθένης
1505 2204 1786 2256 Δημοσθένους

319 2355 340 2382 g
359 2349 435 2395 τὰς]
460 2351 615 2384 ναυτικὰς
633 2364 688 2395 γρ.
705 2350 789 2388 S.Q.
879 2347 900 2374 h
920 2349 1080 2395 γραφεὶς]
1104 2349 1250 2394 γραφεὶς
1270 2348 1317 2382 εἷς
1336 2349 1478 2382 A.k.r.S.
1509 2349 1655 2394 γραφεὶς
1674 2362 1781 2394 παρα-

263 2403 374 2446 νόμων
393 2418 448 2447 γρ.
471 2403 599 2441 ἙΜΞΩ
707 2400 716 2427 i
737 2402 876 2448 τοῦτον]
899 2405 1022 2436 τοῦτον
1041 2403 1243 2447 παρανόμων
1262 2401 1600 2446 A.O.k.p.r.s.t.u.v.
1703 2398 1724 2425 k
1743 2401 1784 2435 τὸ

262 2457 364 2501 μέρος
384 2456 515 2494 F.S.Q.
549 2456 588 2489 τὸ
607 2455 764 2500 πέμπτον
783 2458 884 2500 μέρος
902 2456 1021 2501 vulgo.
1068 2454 1171 2489 Conf.
1193 2455 1237 2488 ad
1256 2467 1291 2500 p.
1311 2454 1396 2494 261,
1414 2465 1474 2488 20.
1494 2465 1587 2499 302,
1607 2461 1666 2501 15.
1689 2465 1781 2500 310,

269 2520 329 2555 17.
351 2519 443 2554 315,
466 2520 522 2555 17.
672 2506 683 2533 Ῑ
703 2510 782 2544 τοὺς
801 2522 871 2543 om.
893 2521 947 2554 pr.
970 2509 1015 2542 O.
1169 2513 1199 2531 m
1221 2507 1342 2553 θεῖναί]
1367 2507 1473 2542 θεῖναί
1491 2523 1531 2552 με
1550 2507 1782 2553 Y.O.p.r.u.v.

264 2568 283 2586 Π
314 2561 568 2607 καταβαλόντα]
607 2563 866 2603 καταβάλλοντα
898 2562 1060 2600 S.Y.Q.t.
1105 2561 1365 2601 καταβαλλόντα
1395 2573 1422 2594 ι’.
1467 2561 1704 2602 καταλαβόντα
1734 2559 1780 2594 Ο.

264 2620 281 2639 0
302 2616 387 2660 πρὸς
407 2616 492 2659 ὑμᾶς
511 2615 633 2661 εἰπεῖν]
659 2616 764 2649 εἰπεῖν
784 2615 850 2660 ἐγὼ
870 2616 955 2660 πρὸς
975 2615 1059 2658 ὑμᾶς
1078 2614 1303 2659 A.Y.k.p.r.s.
1325 2618 1360 2647 et
1379 2628 1433 2659 γρ.
1455 2613 1499 2652 Q.
1622 2619 1641 2647 P
1660 2613 1782 2659 προτέ-

261 2669 347 2714 ρων]
371 2671 537 2713 πρότερον
556 2669 672 2702 A.k.s.
776 2676 796 2704 q
816 2669 953 2703 δέκατος
971 2667 1189 2706 A.F.S.Q.k.
1219 2667 1356 2702 δέκατος
1375 2667 1420 2700 ὢν
1439 2667 1557 2712 vulgo,
1578 2666 1674 2712 quod
1693 2678 1714 2700 a
1731 2678 1780 2701 m.

263 2728 387 2766 quarta
406 2723 512 2756 habet
534 2722 570 2756 S.
649 2729 662 2747 r
682 2721 865 2767 πρότερον]
889 2723 1054 2766 πρότερος
1073 2721 1254 2766 A.k.p.r.s.
1340 2725 1354 2744 S
1375 2719 1469 2765 οὐδὲ]
1493 2720 1532 2753 οὐ
1551 2731 1617 2765 p.1·.
1700 2717 1714 2743 ἴ
1733 2720 1783 2753 ἔτι

264 2775 451 2820 ὠνόμαζον]
477 2775 690 2818 ἐπωνόμαζον
712 2775 1043 2820 F.Y.Q.O.p.r.u.v.
1142 2777 1159 2793 ¹¹
1181 2771 1272 2806 ὥστε
1293 2772 1350 2819 δὴ]
1375 2771 1459 2807 ὥσθ’
1480 2773 1564 2817 ὑπὲρ
1586 2773 1647 2805 τοῦ
1665 2786 1721 2818 γρ.
1744 2771 1780 2806 S.

263 2833 282 2852 Χ
303 2829 362 2862 οὐκ
382 2828 494 2873 ἔστιν]
518 2827 616 2861 οῧσθ’
637 2840 689 2873 pr.
710 2841 737 2862 r.
848 2834 867 2862 Y
887 2826 1113 2873 καταλόγους]
1136 2827 1262 2871 λόγους
1282 2826 1324 2859 Y.
1435 2831 1453 2850 Ζ
1480 2824 1602 2870 νόμου]
1625 2824 1728 2868 νόμον
1745 2837 1780 2859 v.

264 2886 283 2905 a
302 2882 361 2914 τὸν
381 2882 497 2915 om.Y.
609 2877 629 2905 b
649 2881 708 2914 τὸν
728 2893 799 2915 om.
821 2882 856 2915 k.
896 2881 1102 2927 Psephisma
1122 2885 1155 2913 et
1176 2879 1354 2925 catalogos
1375 2891 1443 2913 om.
1466 2880 1508 2912 A.
1620 2883 1636 2902 ⁰
1655 2891 1781 2923 πρυτα-

264 2933 678 2980 νευούσης-Παιανιεὺς]
703 2934 903 2979 πρυτανιεὺς
922 2946 957 2968 u.
1079 2929 1099 2958 d
1116 2931 1396 2978 Ἱπποθωντίδος]
1424 2931 1647 2967 scribebatur
1664 2929 1780 2965 Ἱππο-

264 2987 455 3022 θοωντίδος.
495 2987 575 3021 Vid.
598 2988 642 3021 ad
661 3000 697 3033 p.
717 2994 803 3034 250,
822 2994 879 3033 17.
