1930 3266
64 194 163 247 328,
184 209 214 232 2.
611 195 735 231 ΠΕΡΙ
767 194 876 231 ΤΟΥ
906 194 1212 231 ΣΤΕΦΑΝΟὙ.
1559 189 1643 228 345

127 304 285 368 λήνων
320 306 425 354 οὔτε
463 309 557 355 τῶν
593 304 706 354 εἴσω
742 307 838 357 τοῖς
870 309 1078 369 παροῦσι
1114 306 1270 354 κακοῖς
1303 300 1532 366 ὶέκέχρηπ
1572 300 1642 360 ἂν,

126 387 257 438 ἀλλὰ
280 387 452 442 πάντες
486 386 546 438 ἀν
572 387 701 441 ὄντες
739 386 972 452 ἐλεύθεροι
1009 387 1085 436 καὶ
1111 383 1358 447 αὐτόνομοι
1394 381 1513 445 μετὰ
1543 382 1636 433 πά-

125 494 215 535 σης
258 472 412 524 ἀδείας·
456 473 693 539 ἀσφαλῶς
738 472 786 521 ἐν
831 470 1098 537 εὐδαιμονίᾳ
1142 467 1225 521 τὰς
1270 468 1446 517 ἑαυτῶν
1491 465 1642 534 ᾤκουν

124 556 364 621 πατρίδας,
388 554 511 606 Ιίτῶν
544 554 784 605 τοσούτων
823 553 925 604 1καὶ
960 552 1181 603 τοιούτων
1208 553 1400 617 ἀγαθῶν
1432 551 1539 612 ὑμῖν
1565 551 1640 599 καὶ
1659 570 1696 590 10

31 644 220 702 377τοῖς
260 639 427 692 ἄλλοις
464 639 731 702 Ἀθηναίοις
763 638 945 704 ἔχοντες
981 635 1118 703 χάριν
1135 636 1190 685 δι’
1250 633 1344 696 ἐμέ.
1388 633 1463 683 ἵνα
1496 633 1533 682 δ’
1572 635 1638 682 εὶ-

125 724 232 785 δῆτε
260 721 331 772 ὅτι
363 726 536 790 πολλῷ
573 726 670 775 τοῖς
695 719 857 785 λόγοις
893 719 1118 770 ἐλάττοσι
1144 721 1330 785 χρῶμαι
1354 721 1449 767 τῶν
1477 716 1640 781 ἔργων,

123 803 468 868 εὐλαβούμενος
505 803 588 854 τὸν
614 802 807 872 φθόνον,
833 803 984 868 111λε’γε
1021 824 1100 865 μοι
1134 802 1266 851 ταυτὶ
1302 802 1378 849 καὶ
1404 797 1642 864 ἀνάγνωθι

123 887 290 948 λαβὼν
330 886 446 938 11τὸν
486 886 685 953 ἀριθμὸν
724 891 818 937 τῶν
863 889 1095 950 βοηθειῶν
1138 882 1259 935 κατὰ
1303 882 1362 933 τὰ
1401 882 1490 946 ἐμὰ
1534 886 1638 951 ψη-

124 971 360 1039 φίσματα.

535 1054 839 1100 θἈΡΙΘΜΟΣ
877 1057 1224 1099 ΡΒΟΙ-ῙΘΕΙΩΝ.
1658 1063 1692 1092 15

4 1149 111 1204 378
197 1147 362 1194 Ταῦτα
412 1144 486 1192 καὶ
537 1149 556 1176 ‘¹
574 1147 766 1192 τοιαῦτα
817 1140 1051 1207 πράττειν,
1096 1140 1315 1206 Αἰσχίνη,
1361 1138 1444 1188 τὸν
1494 1136 1644 1188 καλὸν

123 1225 333 1291 κάγαθὸν
383 1226 584 1289 πολίτην
629 1228 709 1287 δεῖ,
754 1223 820 1275 ῶν
871 1224 1255 1290 κατορθουμένων
1306 1230 1321 1249 r
1336 1222 1421 1286 μὲν
1468 1229 1483 1248 ⁵
1505 1223 1637 1286 μεγί-

121 1331 255 1363 στοις
299 1307 736 1377 ἀναμφισβητήτως
782 1308 1021 1375 ῒὺπῆρχεν
1066 1305 1193 1369 εἶναι,
1238 1309 1312 1357 καὶ
1357 1305 1412 1356 τὸ
1457 1307 1643 1359 δικαίως

119 1395 321 1460 προσῆν,
375 1395 437 1446 ὡς
489 1392 652 1458 ἑτέρως
703 1390 752 1442 δὲ
800 1390 1091 1454 συμβάντων
1135 1391 1189 1441 τὸ
1231 1395 1346 1455 γοῦν
1389 1390 1642 1451 εὐδοκιμεῖν
1654 1409 1695 1430 20

119 1478 329 1543 περίεστι
368 1478 443 1526 καὶ
477 1475 531 1526 τὸ
573 1475 749 1539 μηδένα
791 1475 1065 1543 μέμφεσθαι
1105 1473 1191 1537 τὴν
1227 1472 1369 1524 πόλιν
1404 1472 1520 1535 μηδὲ
1556 1471 1643 1535 τὴν

118 1561 394 1626 προαίρεσιν
439 1560 595 1622 αὐτῆς,
640 1557 773 1609 ἀλλὰ
819 1557 906 1621 τὴν
948 1557 1097 1624 τύχην
1147 1555 1343 1621 κακίζειν
1393 1554 1480 1618 τὴν
1521 1556 1642 1605 οὕτω

3 1635 7 1638 ἢ
25 1642 178 1710 379τά
221 1642 480 1710 πράγματα
523 1643 804 1708 ιΙκρίνασαν,
852 1642 905 1691 οὐ
954 1641 1021 1704 μὰ
1067 1642 1152 1691 Δί’
1198 1641 1320 1690 Χούκ
1363 1637 1642 1689 ἀποστάντα

118 1731 212 1777 τῶν
250 1725 593 1795 συμφερόντων
627 1730 684 1793 τῇ
726 1725 877 1787 πόλει,
921 1725 1240 1788 μισθώσαντα
1283 1726 1324 1774 δ’
1365 1721 1506 1773 αὑτὸν
1545 1727 1640 1775 τοῖς

1347 1809 1360 1825 Χ

119 1812 352 1872 ἐναντίοις,
392 1809 498 1863 τοὺς
537 1809 651 1875 ὑπὲρ
691 1814 786 1860 τῶν
824 1811 1005 1875 ἐχθρῶν
1040 1808 1226 1874 καιροὺς
1261 1810 1361 1858 ἀντι
1395 1814 1413 1841 ³*
1430 1811 1524 1857 τῶν
1557 1809 1691 1869 τῆς-25

119 1895 343 1960 πατρίδος
386 1892 673 1960 θεραπεύειν,
716 1891 822 1942 οὐδὲ
867 1892 949 1943 τὸν
993 1892 1078 1955 μὲν
1121 1892 1359 1958 πράγματ’
1404 1891 1515 1959 ἄξια
1558 1893 1641 1954 τῆς

118 1976 301 2030 πόλεως
353 1975 631 2027 ὑποστάντα
675 1975 831 2041 λέγειν
883 1978 958 2026 καὶ
1003 1975 1204 2044 γράφειν
1251 1978 1326 2025 καὶ
1370 1973 1522 2036 μένειν
1566 1975 1640 2024 ἐπὶ

120 2061 330 2110 Ζτούτων
368 2058 724 2126 εὶπροελόμενον
765 2060 1057 2120 βασκαίνειν,
1097 2058 1192 2109 δᾶν
1230 2058 1284 2109 δέ
1316 2081 1384 2111 τις
1430 2059 1521 2125 ἰδίᾳ
1565 2064 1640 2107 οτι

6 2209 11 2222 .
121 2142 329 2212 λυπήσῃ,
367 2149 506 2195 τοῦτο
546 2146 814 2207 μεμνῆσθαι
855 2146 930 2193 καὶ
968 2148 1135 2208 τηρεῖν,
1173 2142 1189 2169 ‘¹
1208 2142 1317 2193 οὐδέ
1352 2143 1394 2206 γ’
1438 2143 1640 2208 ἡσυχίαν

2 2278 10 2289 ,,
25 2238 108 2291 380
121 2228 251 2292 ἄγειν
295 2227 454 2277 ἄδικον
496 2229 570 2277 καὶ
616 2228 838 2288 ὕπουλον,
875 2226 934 2277 Εὸ
973 2225 1037 2276 σὺ
1071 2231 1214 2280 ποιεῖς
1249 2224 1495 2278 πολλάκις.
1537 2225 1734 2283 e''o··1·t328

120 2310 227 2376 γὰρ,
278 2310 408 2360 ἔστιν
459 2311 635 2377 ἡσυχία
686 2310 839 2360 δικαία
894 2312 969 2359 καὶ
1015 2308 1331 2378 συμφέρουσα
1380 2312 1439 2375 τῇ
1489 2306 1639 2368 πόλει,

175 2425 182 2452 5
205 2426 375 2473 ἐκέχρητ’]
401 2426 570 2472 ἐκέχρηντ’
595 2427 631 2461 S.
758 2423 777 2450 k
800 2425 884 2472 τῶν]
907 2426 1035 2460 τούτων
1057 2427 1092 2460 S.
1231 2423 1239 2450 ¹
1261 2426 1313 2459 καὶ
1331 2423 1493 2459 τοιούτων
1512 2437 1582 2459 om.
1603 2437 1638 2471 p.

123 2486 150 2505 m
180 2481 279 2527 λέγε]
305 2482 394 2521 λαβέ
412 2481 528 2515 A.k.s.
578 2480 682 2514 Conf.
705 2491 739 2525 p.
762 2478 852 2524 363,
880 2489 937 2524 13.
1097 2486 1115 2504 ¹¹
1145 2480 1204 2512 τὸν
1227 2478 1639 2524 ἀριθμὸν-ψηφίσματα

121 2546 191 2568 om.
216 2534 250 2567 S.
372 2539 390 2558 0
409 2532 620 2568 ἈΡΙΘΜΟΣ
642 2531 792 2576 (ἀριθμοὶ
812 2535 866 2577 u.)
888 2532 1141 2578 ΒΟΗΘΕΙΩΝ]
1167 2537 1378 2571 ΑΡΙΘΜΟΣ,
1401 2539 1435 2565 et
1455 2531 1638 2575 interjecto

121 2586 294 2620 dimidiati
314 2599 433 2621 versus
449 2587 572 2632 spatio,
593 2590 801 2619 ΨΗΦΙΣΜΑ
822 2587 863 2619 Α.
993 2591 1012 2618 P
1033 2583 1286 2629 ΒΟΗΘΕΙΩΝ]
1311 2585 1476 2627 βοηθειῶν
1495 2584 1577 2617 κατὰ
1595 2585 1637 2617 τὰ

120 2639 183 2683 ἐμὰ
209 2640 422 2684 ψηφίσματα
442 2639 684 2678 A.S.Y.Q.r.t.
841 2644 860 2672 q
889 2641 1027 2672 τοιαῦτα
1057 2638 1237 2676 F.S.Q.O.
1278 2638 1320 2670 τὰ
1348 2639 1488 2671 τοιαῦτα
1515 2637 1635 2682 vulgo.

121 2697 135 2716 Γ
162 2694 223 2736 μὲν
242 2705 312 2726 om.
334 2692 391 2734 O.,
407 2705 479 2727 non
499 2694 541 2726 A.
564 2692 659 2738 quod
685 2692 846 2737 perhibet
866 2692 1041 2725 Reiskius.
1091 2692 1175 2725 Post
1194 2691 1255 2734 μὲν
1274 2691 1457 2735 legebatur
1477 2686 1502 2723 (3
1520 2691 1562 2735 γῆ
1584 2691 1636 2723 καὶ

119 2745 202 2787 θεοὶ,
225 2758 302 2791 quae
323 2746 408 2790 ejeci
429 2746 557 2780 omissa
578 2746 612 2779 in
631 2745 713 2779 S.Y.
784 2750 798 2769 S
818 2743 1013 2790 μεγίστοις]
1032 2745 1066 2778 ἐν
1082 2745 1259 2789 μεγίστοις
1276 2743 1423 2777 Ο.ῒ.ῑ1.ν.
1493 2742 1506 2766 t
1527 2743 1635 2789 ὑπῆρ-

639 2802 651 2817 Ε

121 2831 198 2878 χεν]
224 2831 388 2877 ὑπάρχειν
408 2832 483 2870 Qs.
514 2832 677 2876 ὑπαρχειν
698 2832 738 2865 F.
825 2838 845 2856 U
867 2830 1044 2876 κρίνασαν]
1069 2831 1249 2875 κρίνουσαν
1270 2831 1453 2875 A.k.p.r.s.
1540 2835 1553 2850 '‘
1576 2829 1636 2862 οὐκ

119 2895 188 2918 0111.
211 2885 250 2918 F.
362 2891 380 2918 y
399 2888 466 2918 τῶν
485 2885 559 2931 τῆς]
584 2886 644 2927 τῆς
665 2885 708 2918 Ο.
739 2887 805 2918 τῶν
827 2884 910 2929 ὑπὲρ
931 2885 987 2925 τῆς
1008 2884 1093 2922 Q.k.
1205 2889 1221 2907 Ζ
1243 2882 1387 2930 τούτων]
1410 2885 1532 2916 τοῦτον
1552 2882 1634 2915 A.k.

120 2941 139 2961 ²
157 2936 387 2982 προελόμενον
406 2949 475 2972 om.
497 2938 864 2982 F.S.Y.Q.O.p.t.u.v.
976 2933 996 2961 b
1017 2935 1056 2970 ἂν
1077 2937 1113 2970 S.
1145 2937 1202 2969 ἐὰν
1221 2937 1338 2981 vulgo.
1428 2942 1443 2961 ⁰
1464 2950 1496 2968 τι
1516 2947 1585 2969 om.
1607 2941 1634 2969 t.

120 2985 137 3013 d
159 2990 239 3024 οὐδέ
254 2990 286 3035 γ’
308 2991 493 3025 S.Y.k.r.s.
526 2990 596 3024 οὐδ’
618 2991 734 3036 vulgo.
850 2995 865 3013 e
886 2989 903 3022 ὃ
923 2991 1046 3024 A.S.k.
1077 2989 1119 3025 ὡς
1140 2989 1257 3035 vulgo.

181 3054 276 3080 VOL.
296 3054 326 3082 Ῐ.
847 3055 871 3079 Υ
897 3055 920 3081 V
