1930 3266
291 179 374 218 310
837 182 1263 221 ΔΗΜΟΣΘΕΝΟΥΣ
1367 179 1451 238 Qu.
1471 178 1604 219 XVII
1618 179 1651 219 I.
1676 194 1714 234 p.
1735 181 1828 233 296,
1847 198 1864 222 s

290 290 344 341 τὸ
376 291 678 354 κελευόμενον
711 295 920 355 ποιῆσαι,
947 290 1030 342 τὸν
1067 291 1151 355 μὲν
1185 297 1333 342 ταῦτα
1371 291 1804 353 συμβουλεύσαντα

291 375 623 436 Θεμιστοκλέα
656 374 928 440 στρατηγὸν
954 374 1180 437 ἑλόμενοι,
1205 375 1288 425 τὸν
1314 376 1350 425 δ’
1382 374 1625 426 ὑπακούειν
1651 377 1800 426 Ζἀπο-

290 457 559 525 φηνάμενον
594 463 689 511 τοῖς
724 458 1094 519 ἐπιταττομένοις
1127 459 1403 523 εἰΚυρσίλον
1436 457 1796 509 καταλιθώσαν-
1816 483 1855 505 ιο

289 562 376 602 τες,
417 541 469 590 οὐ
509 539 653 601 μόνον
692 538 845 600 αὑτὸν,
885 539 1015 589 ἀλλὰ
1054 543 1128 590 καὶ
1169 544 1216 590 αἱ
1254 545 1464 605 γυναῖκες
1503 545 1548 590 αἱ
1590 541 1803 607 ὑμέτεραι

194 637 278 677 260
289 623 374 688 τὴν
398 626 574 688 γυναῖκ’
603 624 761 673 αὐτοῦ.
816 624 870 672 οὐ
894 622 987 689 γὰρ
1012 622 1198 688 ἐζήτουν
1225 627 1266 674 οἱ
1301 624 1395 674 τότ’
1423 626 1665 688 Ἀθηναῖοι
1700 626 1804 675 οὔτε

287 707 463 774 ῥήτορα
502 708 605 757 οὔτε
644 704 916 771 στρατηγὸν
952 707 1004 757 δι’
1036 706 1144 757 ὅτου
1168 705 1539 758 ἲ)δουλεύσουσιν
1564 708 1803 774 οεύτυχῶς,

288 791 398 840 ἀλλ’
444 788 546 840 οὐδὲ
592 789 679 855 ζῆν
721 789 896 857 ἠξίουν,
942 793 979 839 εὶ
1029 788 1094 853 μὴ
1139 791 1235 852 μετ’
1283 790 1543 855 ἐλευθερίας
1582 788 1805 858 ᾰέξέσται

288 879 450 923 ετοῦτο
487 877 651 923 ποιεῖν.
706 873 863 936 ἡγεῖτο
889 871 981 937 γὰρ
1008 873 1160 923 αὐτῶν
1194 873 1392 926 ἕκαστος
1426 874 1527 940 οὐχὶ
1563 877 1629 942 τῷ
1661 877 1856 939 πατρὶι5

289 958 364 1006 καὶ
408 959 466 1022 τῇ
510 957 650 1020 μητρὶ
695 954 838 1018 μόνον
877 959 1177 1020 γεγενῆσθαι,
1217 955 1346 1006 ἀλλὰ
1390 960 1465 1006 καὶ
1505 960 1563 1024 τῇ
1602 958 1804 1023 πατρίδι.

289 1040 495 1106 διαφέρει
522 1039 569 1090 δὲ
595 1040 644 1089 τί
662 1061 674 1101 ;
718 1039 732 1065 f
744 1039 814 1089 ὅτι
841 1039 865 1089 ὁ
897 1038 982 1102 μὲν
1008 1044 1103 1092 τοῖς
1128 1045 1318 1105 γονεῦσι
1352 1038 1496 1102 μόνον
1522 1043 1807 1106 γεγενῆσθαι

289 1124 486 1189 νομίζων
519 1123 601 1174 τὸν
637 1126 720 1187 τῆς
759 1123 1033 1189 εἱμαρμένης
1073 1126 1147 1173 καὶ
1184 1121 1266 1172 τὸν
1305 1121 1569 1185 αὐτόματον
1605 1122 1807 1174 θάνατον

288 1208 530 1274 περιμένει,
564 1209 588 1257 ὁ
621 1207 668 1258 δὲ
703 1210 778 1258 καὶ
812 1212 870 1275 τῇ
903 1208 1092 1273 πατρίδι
1128 1205 1242 1271 ὑπὲρ
1277 1212 1358 1256 τοῦ
1393 1205 1458 1270 μὴ
1492 1206 1666 1271 ταύτην
1699 1209 1801 1258 ἐπι·
1818 1232 1859 1254 20

287 1375 516 1441 ἡγήσεται
555 1375 638 1429 τὰς
677 1378 832 1442 ὕβρεις
870 1378 943 1425 καὶ
981 1374 1065 1428 τὰς
1100 1375 1296 1436 ἀτιμίας,
1336 1371 1389 1427 ἂς
1431 1375 1479 1424 ἐν
1513 1375 1805 1443 δουλευούσῃ

288 1463 346 1526 τῇ
371 1458 509 1510 πόλει
536 1459 693 1526 φέρειν
719 1460 912 1524 ἀνάγκη,
939 1466 958 1494 g
967 1463 1049 1508 τοῦ
1075 1457 1295 1508 θανάτου.

1406 1540 1425 1567 h
1551 1540 1675 1568 ’xk

194 1546 273 1586 261
367 1547 424 1594 Εἰ
458 1542 543 1606 μὲν
577 1544 733 1594 τοίνυν
767 1544 889 1593 τοῦτ’
918 1543 1182 1609 ἐπεχείρουν
1209 1541 1377 1606 λέγειν,
1433 1544 1494 1595 ὡς
1520 1540 1629 1606 ἰεγω
1683 1564 1802 1608 προ-

1912 979 1921 1015 ἶ

1912 1022 1920 1046 ἱ

1912 1065 1917 1091 1

1912 1094 1919 1257 ἓ

289 1293 383 1342 δεῖν
415 1291 732 1341 δουλεύουσαν
764 1289 1081 1354 ἀποθνήσκειν
1117 1288 1347 1352 ἐθελήσει,
1375 1292 1450 1340 καὶ
1477 1290 1807 1357 φοβερωτέρας
1911 1261 1917 1373 ἑ

290 1711 402 1761 noba<
437 1710 494 1760 ἂν
532 1710 717 1763 εἰκότως
751 1708 1069 1772 οἐπιτιμήσειέ
1101 1732 1195 1772 μοι.
1247 1714 1329 1759 νῦν
1365 1712 1405 1759 δ’
1433 1707 1525 1773 ἐγὼ
1551 1708 1662 1772 Ρμὲν
1695 1711 1805 1772 ὑμε-

289 1794 424 1859 τέρας
468 1793 552 1847 τὰς
595 1792 811 1845 τοιαύτας
853 1792 1149 1858 προαιρέσεις
1188 1794 1451 1859 ἀποφαίνω,
1490 1793 1565 1842 καὶ
1607 1794 1810 1857 δείκνυμι

289 1879 360 1930 ὅτι
404 1880 478 1928 καὶ
522 1875 616 1943 πρὸ
660 1879 772 1940 ἐμοῦ
815 1877 936 1926 τοῦτ’
978 1873 1071 1942 εἶχε
1113 1874 1166 1926 τὸ
1206 1875 1428 1943 φρόνημα
1470 1876 1498 1940 ἡ
1535 1875 1689 1939 πόλις,
1728 1880 1811 1941 τῆς

288 1961 445 2023 μέντοι
482 1961 712 2013 διακονίας
747 1962 830 2023 τῆς
867 1960 938 2027 ἐφ’
974 1957 1189 2012 ἑκάστοις
1223 1963 1317 2009 τῶν
1353 1959 1698 2026 πεπραγμένων
1734 1961 1810 2010 καὶ

194 2055 275 2096 262
289 2047 472 2114 ἐμαυτῷ
515 2044 722 2108 μετεῖναί
763 2048 898 2111 φημι,
939 2043 1073 2097 οὗτος
1115 2042 1162 2092 δὲ
1209 2047 1304 2093 τῶν
1351 2042 1478 2093 ὅλων
1522 2047 1810 2110 κατηγορῶν,
1825 2066 1900 2112 297
1924 2069 1930 2082 ·

288 2131 363 2179 καὶ
415 2128 618 2179 κελεύων
667 2129 783 2191 ὑμᾶς
837 2128 937 2190 ἐμοὶ
993 2132 1170 2193 πικρῶς
1227 2127 1347 2194 ε”χειν
1400 2129 1462 2181 ὡς
1513 2127 1681 2195 φόβων
1732 2129 1809 2178 καὶ

288 2212 512 2263 κινδύνων
550 2213 680 2281 αἰτίῳ
718 2215 776 2279 τῇ
815 2211 1002 2274 Ἶπόλει,
1040 2214 1123 2275 τῆς
1163 2210 1248 2275 μὲν
1286 2215 1348 2265 εἷς
1384 2210 1438 2262 τὸ
1478 2210 1632 2277 παρὸν
1672 2214 1810 2275 τιμῆς
1907 2216 1912 2282 ξ

288 2295 366 2360 ἐμὲ
400 2298 751 2361 Γἀποστερῆσαι
787 2296 1016 2363 γλίχεται,
1043 2294 1103 2345 τὰ
1134 2298 1175 2345 δ’
1202 2299 1263 2349 εἷς
1298 2294 1486 2347 ἅπαντα
1523 2293 1606 2346 τὸν
1639 2294 1810 2346 λοιπὸν
1906 2286 1912 2395 ἰ

288 2378 460 2447 χρόνον
503 2379 709 2445 ἐγκώμια
760 2381 888 2442 ὑμῶν
934 2381 1214 2447 ἀφαιρεῖται.
1283 2382 1320 2429 εἰ
1370 2378 1464 2445 γὰρ
1509 2381 1571 2432 ὡς
1617 2385 1632 2405 ⁵
1649 2379 1703 2429 οὐ
1748 2378 1835 2435 τάε
1906 2399 1912 2470 γ

343 2536 361 2555 2
382 2531 643 2575 ἀποφηνάμενον
662 2531 734 2565 τοῖς
754 2530 1027 2573 ἐπιταττομένοις
1049 2529 1198 2563 A.S.k.s.
1221 2540 1299 2562 cum
1320 2528 1505 2574 Dionysio.
1543 2530 1614 2564 τοῖς
1634 2528 1809 2562 ἐπιταττο-
1906 2473 1911 2579 Ξ

288 2584 400 2629 μένοις
419 2585 680 2628 ἀποφηνάμενον
699 2584 818 2629 vulgo.
891 2588 910 2607 a
930 2583 1124 2629 Κυρσίλον]
1150 2583 1315 2625 κυρσῖλον
1335 2594 1364 2616 r.
1396 2580 1561 2627 κύρσιλον
1583 2581 1618 2615 S.
1689 2578 1709 2606 b
1729 2582 1806 2616 δου-

288 2636 494 2683 λεύσουσιν]
520 2635 744 2670 δουλεύουσιν
765 2636 808 2670 Ο.
881 2641 896 2660 ⁰
917 2636 1067 2681 εὐτυχῶς
1087 2648 1156 2670 om.
1175 2636 1210 2670 S.
1282 2631 1301 2659 ‘l
1321 2636 1457 2680 ἐξέσται
1480 2635 1514 2669 S.
1536 2647 1617 2669 cum
1636 2635 1809 2681 Dionysio
1927 2647 1930 2650 ·

289 2704 323 2737 p.
344 2698 455 2738 1054.
486 2691 601 2725 αὐτοῖς
620 2690 756 2734 ἐξέσται
775 2690 893 2736 vulgo.
1031 2695 1046 2713 e
1066 2692 1167 2723 τοῦτο
1187 2695 1268 2723 ante
1289 2689 1426 2733 ἐξέσται
1446 2688 1547 2734 ponit
1566 2689 1603 2722 k.
1725 2685 1741 2713 f
1757 2688 1810 2722 ὅτι
1904 2581 1910 2748 ι

290 2756 358 2778 om.
382 2757 409 2778 r.
506 2749 527 2776 ἕ
546 2746 607 2777 τοῦ
626 2744 771 2777 θανάτου
791 2744 827 2777 in
847 2758 903 2789 γρ.
925 2743 1057 2777 habent
1078 2743 1166 2781 RQ.
1189 2754 1258 2776 om.
1276 2741 1471 2776 Y.O.t.u.v.
1557 2738 1578 2766 h
1598 2741 1658 2786 ὡς’]
1684 2741 1728 2777 ὣς
1746 2741 1811 2787 ἄρα
1904 2749 1909 2804 ¹

289 2798 400 2831 A.k.s.
484 2793 493 2820 ί
515 2796 598 2842 ἐγὼ]
624 2797 730 2842 ἔγωγε
750 2809 777 2830 r.
876 2794 896 2820 k
916 2795 1129 2841 προήγαγον]
1153 2795 1376 2841 προσήγαγον
1396 2795 1439 2829 Ο.
1524 2791 1535 2819 l
1554 2793 1627 2829 ἔσθ’
1650 2794 1685 2829 S.
1715 2794 1810 2828 ἔστιν
1904 2805 1909 2828 i

290 2851 396 2896 vulgo
417 2857 451 2884 et
471 2862 518 2884 m.
542 2862 611 2884 sce.
637 2851 672 2884 S.
786 2856 815 2874 Π)
836 2849 951 2896 ὅστις]
977 2851 1045 2884 οτις
1066 2847 1105 2882 ἂν
1127 2850 1162 2883 S.
1268 2854 1286 2872 ¹1
1307 2849 1365 2882 οὐκ
1385 2846 1441 2894 ἂν]
1467 2862 1526 2881 ουν
1544 2863 1604 2882 καν
1625 2848 1661 2882 S.
1693 2848 1753 2881 οὐκ
1770 2845 1811 2881 ἂν
1904 2834 1908 2904 ἰ

291 2903 350 2937 οὐκ
370 2903 572 2948 F.Y.Q.p.t.
708 2908 726 2927 0
748 2902 975 2949 ἐπιτιμήσειέ]
1002 2901 1187 2946 ἐπετίμησέ
1204 2902 1434 2947 A.Y.k.p.r.s.
1562 2907 1580 2934 P
1599 2901 1660 2944 μὲν
1681 2913 1752 2935 om.
1772 2901 1809 2935 k.
1903 2909 1907 2958 ξ

1903 2960 1907 2992 Ι

1902 2995 1907 3109 ἓ

1902 3114 1906 3131 l

290 2962 312 2990 q
343 2958 442 2991 πόλει
473 2957 632 2991 A.S.k.s.
668 2968 748 2990 cum
779 2956 951 3002 Dionysio
984 2969 1018 3002 p.
1044 2966 1156 3002 1055.
1215 2955 1415 3000 Legebatur
1452 2956 1551 2988 πόλει
1587 2953 1808 3001 γεγενημένῳ.

292 3014 308 3033 ¹·
326 3009 563 3054 ἀποστερῆσαι
581 3009 756 3055 γλίχεται]
781 3008 938 3055 γλίχεται
957 3009 1193 3054 ἀποστερῆσαι
1213 3021 1240 3043 r.
1354 3014 1368 3032 S
1390 3008 1429 3042 οὗ
1450 3020 1520 3041 om.
1539 3007 1620 3052 O.p.

1913 3163 1930 3266 ἰ
