1882 3250
245 159 329 198 128
793 162 1222 200 ΔΗΜΟΣΘΕΝΟΎΣ
1403 161 1484 199 On.
1505 160 1594 198 IX.
1617 175 1656 214 p.
1682 171 1882 209 120,12-

177 284 230 333 46
319 272 384 322 Τί
418 272 500 321 οὖν
537 272 683 322 αἴτιον
717 272 950 321 Ρτουτωνί
967 293 979 333 ;
1025 273 1077 321 οὐ
1112 271 1204 337 γὰρ
1242 271 1350 322 ἄνευ
1389 271 1538 336 λόγου
1577 275 1653 322 καὶ
1687 274 1756 322 δι-

244 355 377 407 καίας
412 355 559 407 αἰτίας
594 356 697 404 οὔτε
733 354 828 404 τόθ’
858 356 1003 407 οὕτως
1038 353 1164 420 εἶχον
1198 355 1390 417 ἑτοίμως
1422 353 1542 420 πρὸς
1572 357 1758 405 ἐλευθε·

244 440 349 504 ρίαν
388 442 465 488 (ἰοὶ
503 436 756 501 ”Έλληνες,
797 439 900 488 οὕτε
940 443 1022 487 νῦν
1059 438 1178 503 πρὸς
1217 437 1271 486 τὸ
1310 437 1562 487 δουλεύειν.
1625 436 1683 500 ἧν
1720 460 1764 487 τι

245 521 354 583 τότ’,
392 520 461 584 ἧν,
502 520 538 571 ὦ
576 522 737 587 ἄνδρες
775 523 1029 584 Ἀθηναῖοι,
1067 523 1115 570 ἐν
1152 525 1252 573 ταῖς
1291 525 1385 570 τῶν
1422 525 1622 570 πολλῶν
1657 523 1755 570 δια·
1778 544 1813 573 15

247 606 402 666 νοίαις,
431 603 455 654 ὂ
483 610 564 654 νῦν
591 605 672 654 οὐκ
698 605 841 664 ἔστιν,
870 603 895 653 ὃ
921 605 996 653 καὶ
1022 609 1105 653 τοῦ
1133 607 1339 668 Περσῶν
1360 603 1589 668 ἐκράτησε
1614 602 1765 653 πλού-

246 709 329 737 του
364 689 438 737 καὶ
472 687 720 751 ἐλευθέραν
756 685 840 750 ἦγε
879 685 965 749 τὴν
996 685 1217 736 “Ελλάδα
1252 688 1327 736 καὶ
1366 687 1470 736 οὔτε
1510 686 1768 752 ναυμαχίας

246 772 350 820 οὔτε
399 769 544 835 πεζῆς
593 768 746 835 μάχης
797 770 1009 832 οὐδεμιᾶς
1060 769 1245 831 ἡττᾶτο,
1299 775 1380 819 νῦν
1431 770 1467 818 δ’
1511 767 1766 821 ἀπολωλὸς

245 852 432 903 ἅπαντα
483 852 774 916 λελύμανται
825 854 900 901 καὶ
950 852 1046 902 ἄνω
1097 855 1173 902 καὶ
1227 852 1353 902 κάτω
1404 853 1625 915 πεποίηκε
1676 850 1819 902 Γτοὶεο

180 941 366 998 475τῶν
391 935 643 998 Ἑλλήνων
675 934 947 1000 πράγματα.
1000 936 1047 984 τί
1076 936 1157 985 οὖν
1182 935 1239 999 ἧν
1265 942 1434 996 τοῦτο;
1478 935 1634 985 ῖούδὲν
1663 957 1767 985 ποι-
1880 980 1882 1002 Ι

247 1020 381 1069 κίλον
415 1018 518 1068 οὐδὲ
551 1017 725 1085 σοφὸν,
752 1019 895 1067 ῑιἀλλ’
926 1017 996 1068 ὅτι
1035 1016 1141 1072 τοὺς
1179 1017 1310 1083 παρὰ
1346 1023 1441 1068 τῶν
1480 1018 1638 1084 ἄρχειν
1673 1019 1767 1068 Χάεἶ
1879 1003 1882 1072 i

245 1103 549 1165 βουλομένων
587 1101 644 1165 ἕῆ
683 1102 969 1170 διαφθείρειν
1006 1102 1092 1166 τὴν
1130 1101 1349 1153 τΕλλάδα
1387 1101 1607 1169 χρήματα
1644 1109 1767 1165 λαμ-
1878 1097 1882 1171 J

245 1187 478 1247 βάνοντας
518 1186 717 1239 ἅπαντες
755 1187 962 1247 ἐμίσουν,
1002 1188 1076 1235 καὶ
1115 1186 1456 1252 χαλεπώτατον
1491 1184 1548 1248 ἦν
1582 1184 1636 1235 τὸ
1668 1187 1762 1235 δω-
1878 1175 1882 1222 i

245 1273 531 1336 ροδοκοῦντα
575 1271 905 1336 Ζἐλεγχθῆναι,
952 1270 1027 1318 καὶ
1071 1270 1268 1337 τιμωρίᾳ
1318 1270 1522 1335 μεγίστῃ
1567 1275 1767 1319 ἱὶτοῦτον
1781 1297 1818 1328 25
1876 1260 1882 1327 ξ

246 1354 482 1420 ἐκόλαζον,
522 1352 540 1379 ¹³
553 1357 627 1404 καὶ
672 1354 958 1418 παραίτησις·
1003 1353 1191 1414 οὐδεμία
1234 1350 1291 1415 ἦν
1337 1351 1440 1402 οὐδὲ
1483 1351 1764 1416 συγγνώμη.
1874 1336 1880 1419 ξ

181 1452 235 1502 48
248 1439 329 1490 τὸν
362 1439 442 1489 οὖν
477 1437 636 1503 καιρὸν
671 1437 873 1487 ἑκάστου
912 1441 1006 1486 τῶν
1042 1436 1350 1502 πραγμάτων,
1385 1435 1438 1487 ’ὸν
1473 1437 1500 1499 ἡ
1539 1435 1658 1502 τύχη
1693 1438 1769 1486 καὶ
1873 1423 1878 1483 i

247 1528 343 1575 τοῖς
385 1525 618 1585 ἀμελοῦσι
664 1521 782 1571 κατὰ
826 1525 921 1570 τῶν
961 1519 1298 1586 προσεχόντων
1337 1522 1445 1569 0καὶ
1485 1524 1581 1572 τοῖς
1626 1518 1770 1583 μηδὲν

248 1605 468 1657 ἐθέλουσι
498 1611 646 1656 ποιεῖν
679 1603 795 1655 κατὰ
823 1609 917 1654 τῶν
948 1603 1103 1654 πάντα
1137 1603 1167 1653 ἃ
1199 1603 1429 1669 προσήκει
1463 1602 1768 1668 πραττόντων
1788 1628 1855 1658 121

248 1689 484 1743 πολλάκις
541 1687 896 1755 παρασκευάζει,
949 1689 1031 1738 οὐκ
1089 1686 1147 1750 ἧν
1202 1688 1433 1753 πριάσθαι
1491 1685 1619 1752 παρὰ
1676 1691 1770 1737 τῶν

249 1772 489 1839 λεγόντων
522 1772 625 1823 οὐδὲ
659 1776 751 1821 τῶν
790 1770 1200 1836 στρατηγούντων,
1228 1769 1330 1820 οὐδὲ
1357 1768 1442 1833 τὴν
1467 1768 1586 1835 πρὸς
1613 1769 1768 1833 ἀλλή-

1228 1851 1246 1879 (1

250 1865 362 1911 λους
397 1856 630 1920 ὁμόνοιαν,
670 1855 773 1906 οὐδὲ
812 1854 896 1918 τὴν
929 1853 1048 1920 πρὸς
1087 1853 1193 1907 τοὺς
1264 1852 1516 1919 τυράννους
1555 1855 1629 1903 καὶ
1667 1851 1773 1906 τοὺς

182 1964 238 2004 49
251 1940 526 2008 βαρβάρους
576 1940 815 2001 ἀπιστίαν,
863 1939 955 1988 οὐδ’
1005 1937 1129 1992 ὅλως
1178 1944 1421 1988 εἶτοιοῦτον
1471 1937 1616 1988 οὐδέν.
1692 1944 1801 1990 νῦν5

251 2027 288 2076 δ’
318 2024 486 2075 ἅπανθ’
525 2024 687 2089 ὥσπερ
727 2023 783 2091 ἐξ
818 2025 994 2087 ἀγορᾶς
1031 2022 1316 2088 ἐκπέπραται
1353 2027 1513 2084 ταῦτα,
1550 2023 1767 2083 ἀντεισῆ-

251 2132 355 2160 κται
394 2108 441 2158 δὲ
480 2109 581 2158 ἀντὶ
621 2106 814 2168 τούτων,
855 2107 932 2172 ὑφ’
973 2103 1038 2156 ὧν
1077 2105 1303 2158 ἀπόλωλε
1342 2107 1416 2156 καὶ
1456 2104 1706 2169 νενόσηκεν
1743 2105 1771 2168 ἡ

250 2190 451 2245 εΕλλάς.
525 2197 673 2241 ταῦτα
719 2190 757 2239 δ’
801 2191 903 2239 ἐστὶ
952 2190 1030 2251 τί,
1094 2189 1249 2256 ζῆλος,
1294 2189 1336 2240 εἴ
1380 2212 1448 2242 τις
1492 2188 1662 2257 εἴληφέ
1706 2207 1767 2239 τι·

831 2271 844 2298 f

251 2274 417 2341 γέλως,
455 2273 514 2324 ἂν
553 2276 784 2339 ὁμολογῇ·
857 2272 1122 2337 συγγνώμη
1161 2278 1260 2326 τοῖς
1298 2272 1640 2339 ἐλεγχομένοις·
1689 2277 1766 2335 μῖ-

308 2482 326 2509 Ρ
346 2474 508 2520 τουτωνί]
533 2473 661 2508 τούτων
681 2475 722 2508 Y.
834 2480 852 2507 (1
874 2476 904 2508 οἱ
927 2476 962 2508 S.
1010 2474 1209 2519 chcbatur
1229 2473 1372 2509 ἅπαντες
1391 2475 1433 2507 οἱ.
1549 2479 1564 2497 ¹·
1584 2472 1641 2518 τὰ]
1665 2473 1774 2507 πάντα

252 2530 294 2563 τὰ
316 2530 355 2563 A.
380 2529 450 2571 (cui
474 2528 605 2562 ἅπαντα
633 2529 724 2562 male
750 2527 873 2561 tribuit
895 2528 1033 2572 Reisk.)
1057 2528 1093 2562 S.
1116 2528 1152 2561 in
1172 2540 1242 2573 quo
1267 2527 1424 2561 scholion
1449 2526 1662 2572 adscriptum
1684 2538 1705 2560 a
1723 2538 1771 2561 m.

253 2595 321 2617 rec.
343 2585 444 2616 τοῦτο
469 2583 521 2615 καὶ
543 2582 584 2615 τὰ
603 2581 760 2628 ῥωμαίων
780 2580 968 2625 ἐλυμήνατο
989 2582 1181 2626 πράγματα,
1204 2582 1257 2614 καὶ
1277 2581 1305 2614 εἶ
1326 2581 1370 2625 μὴ
1390 2579 1571 2622 παύσεται,
1591 2578 1714 2624 οἴχοιτ’
1734 2578 1775 2613 ἃν

253 2637 360 2680 πάντη
381 2636 433 2669 καὶ
453 2635 665 2680 διαφθαρείη,
686 2637 820 2678 μᾶλλον
837 2634 865 2668 δ’
883 2636 943 2678 ἤδη
960 2636 1010 2668 καὶ
1033 2635 1245 2679 διέφθαρται.
1333 2638 1347 2658 S
1367 2636 1434 2667 τῶν
1452 2633 1628 2677 Ἑλλήνων
1648 2645 1718 2667 0111.
1737 2632 1772 2666 S.

251 2689 265 2714 t
289 2688 492 2723 οὗδέν-ὅτι
513 2701 583 2722 om.
599 2689 643 2722 Y.
666 2696 700 2723 et
720 2701 771 2734 pr.
796 2688 829 2722 S.
923 2693 945 2712 ¹¹
962 2687 1040 2721 ἀλλ’
1062 2687 1114 2721 ὅτι
1132 2688 1226 2733 τοὺς]
1251 2687 1342 2721 ἀλλὰ
1362 2688 1441 2722 τοὺς
1460 2688 1502 2721 Α.
1591 2692 1609 2711 X
1629 2685 1681 2720 ἀεὶ
1700 2697 1770 2720 om.

253 2755 305 2788 pr.
329 2743 364 2777 S.
501 2748 518 2775 Y
539 2741 575 2788 ἢ]
601 2741 619 2785 ἢ
640 2743 692 2775 καὶ
714 2742 922 2776 F.Y.O.u.v.
1062 2747 1078 2765 Ζ
1099 2741 1302 2786 ἐλεγχθῆναι
1324 2741 1360 2774 S.
1391 2740 1634 2786 ἐξελεγχθῆναι
1654 2739 1770 2784 vulgo.

256 2802 274 2820 a
293 2798 415 2830 τοῦτον
435 2808 504 2829 om.
528 2808 561 2829 u.
660 2792 679 2820 b
700 2797 752 2829 καὶ
772 2794 1150 2841 παραίτ.--συγγνώμη
1172 2806 1241 2828 om.
1258 2794 1301 2828 Y.
1324 2800 1359 2828 et
1378 2806 1431 2839 pr.
1454 2794 1490 2828 S.
1593 2798 1609 2818 ⁰
1630 2793 1681 2826 καὶ
1702 2794 1773 2827 τοῖς

254 2850 631 2894 μηδὲν--πραττόντων
651 2861 720 2883 om.
736 2849 778 2882 Y.
801 2855 835 2882 et
854 2861 907 2894 pr.
933 2849 968 2882 S.
1067 2845 1084 2872 d
1105 2847 1553 2893 τυράννους-βαρβάρους]
1576 2846 1772 2891 βαρβάρους

255 2917 321 2935 —-·1
330 2903 490 2948 υράννους
510 2902 630 2936 O.u.V.
753 2907 768 2926 θ
788 2905 944 2936 τοιοῦτον
966 2902 1002 2935 S.
1052 2902 1251 2947 Legebatur
1270 2904 1338 2935 τῶν
1356 2899 1531 2935 τοιούτων.
1653 2895 1669 2923 f
1686 2912 1770 2944 συγ-

253 2957 368 3000 γνώμη
388 2957 458 2990 τοῖς
478 2957 717 3001 ἐλεγχομένοις
737 2968 806 2989 om.
828 2967 878 3001 pr.
902 2955 936 2989 S.
