1882 3250
0 273 3 302 Ι

701 157 1042 197 PRAEFATIO
1555 156 1627 196 xiii

116 285 208 330 que
234 268 469 322 Bavarici,
494 268 552 314 de
577 286 673 331 quo
703 286 848 331 supra
873 268 1110 323 dicebam,
1136 285 1274 313 usum
1308 269 1506 330 longum
1539 285 1626 330 per

115 352 305 406 tempus
330 344 450 389 mihi
472 344 722 400 concessit,
742 343 1149 389 intercedentibus
1170 342 1307 388 H.A.
1328 341 1386 388 de
1405 343 1626 388 Zeschau

115 426 163 463 et
197 418 286 464 Ed.
324 419 381 464 de
413 419 770 473 Wietersheim,
806 421 929 482 regis
971 418 1191 465 Saxoniae
1234 418 1479 474 ministris,
1514 418 1626 463 viris

112 493 475 555 perillustribus.
547 494 715 542 Codex
753 504 823 540 est
862 495 1255 539 membranaceus
1297 493 1442 539 seculi
1479 492 1628 538 unde-

114 569 243 624 cimi,
276 569 429 615 fornia
461 570 705 632 quadrata,
732 570 856 614 foliis
881 583 994 630 450.
1019 586 1242 614 versuum
1268 583 1478 631 32—37.
1547 569 1626 614 Ab

113 644 250 690 initio
286 654 334 690 et
375 645 422 690 in
459 647 555 690 fine
600 645 797 690 mutilus
840 654 926 700 est,
963 644 1020 689 de
1058 662 1153 706 quo
1188 644 1393 690 videnda
1429 662 1534 706 quae
1577 645 1626 690 in

113 728 275 765 annot.
310 720 366 765 ad
399 739 446 783 p.
476 738 520 782 9,
552 737 590 765 1.
625 728 671 765 et
707 719 763 765 ad
796 738 844 782 p.
877 737 1015 782 1139,
1042 736 1113 782 17.
1148 719 1275 765 dicta
1311 728 1433 767 sunt.
1506 720 1628 766 Ora-

112 795 265 840 tiones
296 796 461 841 insunt
485 809 562 856 54.
590 795 682 841 1100
717 795 897 850 ordine,
930 813 1117 842 1.-11.
1146 813 1221 841 22.
1251 813 1322 841 21.
1352 813 1426 858 23.
1457 798 1527 842 18.
1554 814 1627 858 19.

115 886 191 929 24.
224 889 298 918 20.
334 885 409 932 25.
443 874 517 917 26.
545 884 621 932 54.
660 871 756 929 (0111
798 871 1130 934 praescriptum
1169 872 1406 933 ῐδιωτικοῖ.)
1439 885 1515 933 55.
1546 874 1626 930 48.

113 949 191 1007 56.
220 961 294 1009 27.
324 950 397 994 28.
428 965 502 1009 29.
529 965 606 1009 30.
631 964 707 1009 31.
733 961 810 1009 37.
831 960 908 1008 35.
930 949 1007 1008 38.
1028 962 1105 1008 34.
1127 964 1204 1008 32.
1225 948 1626 1009 36.33.13.(0111

111 1023 443 1086 pl'aescriptum
477 1024 777 1077 Δημοσθένους
812 1025 1205 1082 συμβουλευτικοῖ.)
1240 1039 1311 1081 14.
1345 1025 1417 1068 16.
1451 1036 1522 1083 15.
1555 1036 1627 1084 17.

112 1111 189 1158 51.
230 1100 356 1160 (quae
398 1099 546 1144 oratio
588 1099 708 1143 infra
750 1107 859 1161 post
895 1113 972 1160 50.
1016 1100 1217 1162 repetita
1259 1100 1433 1161 legitur
1475 1100 1627 1144 multa

112 1191 220 1219 cum
249 1175 467 1220 lectionis
495 1175 847 1237 discrepantia.)
873 1190 951 1236 43.
976 1190 1055 1232 44.
1078 1192 1155 1236 39.
1182 1178 1261 1233 (ex
1288 1192 1383 1235 qua
1415 1174 1627 1220 oratione

111 1249 393 1296 exciderunt
426 1250 539 1295 folia
572 1250 683 1307 duo,
710 1250 768 1295 de
798 1267 893 1311 quo
927 1250 1025 1295 dixi
1061 1250 1118 1295 ad
1147 1269 1193 1314 p.
1219 1265 1330 1313 997,
1354 1253 1417 1312 8.)
1444 1267 1522 1309 40.
1547 1266 1626 1310 41.

109 1341 187 1387 49.
215 1340 291 1388 53.
321 1342 400 1385 42.
431 1340 507 1388 50.
535 1340 612 1388 51.
641 1340 718 1388 57.
752 1328 828 1387 58.
865 1335 913 1371 01
954 1326 1180 1371 orationis
1217 1341 1295 1388 47.
1339 1327 1515 1389 pagina
1557 1326 1626 1371 di-

109 1401 288 1447 midia:
337 1402 511 1448 desunt
550 1420 620 1448 12.
653 1416 732 1463 45.
762 1404 841 1460 46.
870 1416 946 1463 52.
975 1418 1050 1465 59.
1079 1405 1156 1449 60.
1185 1405 1262 1448 61.
1296 1403 1538 1448 Prooemia
1580 1412 1629 1449 et

109 1477 353 1540 Epistolae.
436 1478 672 1524 Recensio
728 1478 862 1539 cujus
917 1479 1277 1540 antiquissimus
1332 1488 1497 1524 auctor
1549 1479 1627 1525 1110

109 1552 261 1599 codex
304 1554 442 1599 nobis
490 1564 561 1599 est
608 1554 694 1599 etsi
738 1555 864 1599 bona
909 1555 1117 1617 plurima
1165 1572 1273 1600 cum
1319 1555 1535 1600 Parisino
1577 1556 1625 1602 S.

108 1631 387 1676 communia
430 1630 576 1675 habet
618 1630 792 1691 quibus
841 1639 968 1675 caret
1002 1631 1220 1676 Venetus
1256 1631 1324 1685 F„
1361 1641 1524 1676 tamen
1567 1632 1626 1677 ab

107 1714 309 1768 utroque
345 1707 496 1752 tribus
537 1706 841 1770 potissimum
882 1706 1035 1752 modis
1069 1707 1331 1770 plurimum
1370 1707 1624 1771 discrepat,

106 1782 262 1827 verbis
314 1783 449 1828 aliter
489 1783 748 1838 collocatis,
793 1784 1039 1828 sententiis
1081 1783 1306 1828 facilioris
1354 1784 1625 1829 intellectus

109 1873 275 1903 caussa
307 1858 381 1902 vel
417 1857 720 1920 amplificatis
753 1858 827 1903 vel
862 1858 996 1903 aliter
1027 1858 1351 1915 conformatis,
1380 1860 1625 1905 vocabulis

109 1933 461 1994 verborumque
493 1933 929 1979 constructionibus
962 1934 1351 1996 exquisitioribus
1383 1935 1624 1980 interdum

113 2006 159 2051 in
189 2008 400 2070 vulgaria
434 2008 644 2054 mutatis,
714 2009 1064 2055 Verumtamen
1097 2011 1266 2056 harum
1302 2011 1622 2058 mutationum

111 2099 220 2144 pars
255 2083 395 2145 longe
431 2083 643 2128 maxima
674 2083 781 2128 talis
815 2092 885 2129 est
918 2092 970 2129 ut
1002 2102 1173 2130 manus
1207 2085 1413 2148 prodant
1442 2103 1625 2131 correc-

112 2167 268 2204 torum
320 2158 602 2213 doctiorum,
646 2161 726 2220 qui
774 2177 892 2222 quas
940 2160 1166 2206 lectiones
1214 2162 1479 2207 intulerunt
1526 2180 1624 2208 non

113 2251 217 2279 raro
249 2235 315 2280 ita
346 2243 457 2280 sunt
487 2245 773 2299 comparatae
806 2245 869 2288 ut,
901 2237 937 2281 si
973 2236 1292 2298 antiquissimi
1327 2237 1503 2283 codicis
1537 2239 1625 2284 Pa-

113 2309 244 2354 risini
282 2309 328 2355 S.
369 2310 648 2356 auctoritate
685 2311 1148 2365 commendarentur,
1184 2321 1434 2377 tantopere
1469 2313 1625 2360 forent

113 2384 371 2446 probandae
413 2394 707 2449 quantopere
756 2404 901 2444 nunc,
942 2389 1161 2433 obstante
1208 2378 1498 2434 recensionis
1543 2390 1626 2435 ali-

115 2470 293 2522 quanto
320 2462 598 2524 antiquioris
629 2464 924 2519 auctoritate,
951 2464 1299 2527 improbantur.
1358 2466 1527 2528 Itaque
1557 2467 1623 2512 fa-

113 2536 216 2582 cilis
241 2546 404 2599 parata
430 2539 674 2585 excusatio
700 2541 787 2585 erit
819 2541 1028 2598 Reiskio,
1056 2542 1137 2603 qui
1172 2542 1346 2587 multas
1373 2560 1433 2588 ex
1459 2543 1623 2590 codice

111 2611 396 2674 Augustano
425 2613 653 2659 lectiones
687 2615 900 2672 adscivit,
927 2617 985 2662 de
1017 2618 1191 2679 quibus
1214 2618 1349 2663 aliter
1371 2627 1470 2664 erat
1493 2619 1624 2680 judi-

115 2696 319 2743 caturus,
347 2687 382 2733 si
408 2688 609 2735 Parisini
637 2691 774 2754 copia
798 2693 839 2738 ei
866 2692 1044 2739 fuisset.

178 2762 444 2825 Descriptis
479 2765 715 2826 primariis
758 2767 978 2813 codicum
1019 2769 1239 2816 subsidiis
1276 2771 1513 2833 reliquum
1552 2782 1622 2818 est

113 2847 165 2882 ut
196 2837 254 2883 de
290 2839 392 2884 aliis
426 2840 713 2900 quibusdam
751 2843 882 2889 libris
919 2844 1103 2891 dicatur
1139 2847 1196 2891 ab
1232 2848 1267 2892 Ι.
1292 2847 1514 2893 Bekkero
1550 2849 1622 2894 in-

823 2921 853 2964 b
881 2939 903 2967 2
