1882 3250
238 148 295 188 xii
829 145 1172 185 PRAEFATIO

238 270 486 307 externam
510 258 687 306 codicis
708 258 928 304 Bavarici
957 258 1165 321 speciem
1188 255 1316 319 quod
1342 257 1526 312 attinet,
1552 258 1758 321 bomby-

239 335 374 381 cinus
404 344 475 381 est
501 334 647 380 seculi
673 333 848 380 decimi
875 333 1016 389 tertii,
1042 333 1195 379 forma
1222 333 1451 387 maxima,
1475 331 1615 385 foliis,
1641 349 1756 394 qua-

236 420 376 457 tenus
418 410 800 457 Demosthenem
845 409 1377 472 complectitur—nam
1421 407 1605 468 adjecta
1648 416 1759 453 sunt

239 487 330 533 alia
362 487 563 533 aliorum
597 486 828 549 opuscula
860 486 1198 548 complu1·a——,
1232 499 1337 542 144,
1363 483 1620 546 praemissis
1653 501 1758 546 sep-

236 574 336 610 tem
371 564 489 619 aliis,
516 564 691 625 quibus
729 562 1037 608 continentur
1070 560 1258 606 Libanii
1293 568 1575 621 argumenta
1607 568 1655 605 et
1687 560 1761 605 in-

238 639 331 686 dex
367 640 654 685 orationum.
726 638 919 700 Paginae
957 646 1068 682 sunt
1098 636 1352 699 bipertitae,
1382 635 1596 680 versibus
1627 651 1760 693 42—

239 731 334 778 51„
372 716 607 779 scriptura
646 714 847 768 minuta,
885 713 966 758 sed
1009 713 1201 776 elegans
1251 713 1475 774 lectuque
1515 711 1759 758 facillima.

237 793 312 838 De
349 792 473 838 foliis
515 789 860 854 septemdecim
897 790 1152 852 postremis
1192 806 1341 850 quum
1379 805 1540 833 versus
1580 788 1762 850 aliquot

238 874 465 930 (quorum
493 867 636 930 primi
665 875 776 911 sunt
801 884 847 928 p.
877 882 1016 927 1311,
1044 868 1135 924 16.)
1167 865 1215 910 in
1251 864 1421 910 mediis
1456 864 1581 909 foliis
1617 864 1759 927 positi

238 944 433 991 madore
480 943 722 1006 absumpti
766 950 940 997 essent,
983 939 1258 985 deficientia
1299 957 1469 985 manus
1515 940 1761 1001 aliquanto

237 1020 474 1067 recentior
510 1020 675 1065 charta
718 1019 894 1063 inserta
935 1017 1177 1079 supplevit
1212 1033 1271 1061 ex
1309 1016 1401 1061 alio
1439 1015 1654 1076 ejusdem
1691 1033 1763 1062 re-

238 1097 476 1144 censionis
517 1094 798 1158 exemplari.
868 1093 946 1139 De
989 1092 1154 1138 ordine
1199 1092 1488 1148 orationum,
1525 1091 1583 1137 de
1619 1092 1760 1139 variis

237 1172 526 1218 lectionibus
561 1171 828 1234 adscriptis,
859 1169 917 1215 de
954 1169 1165 1214 numeris
1201 1186 1426 1214 versuum
1464 1169 1760 1232 subscriptis,

238 1248 296 1294 de
341 1248 536 1294 scholiis
579 1247 787 1309 denique
837 1244 1001 1291 eadem
1049 1244 1212 1290 omnia
1255 1243 1459 1290 dicenda
1504 1254 1614 1290 sunt
1655 1261 1761 1306 quae

237 1325 403 1388 paullo
430 1334 539 1370 ante
566 1323 624 1369 de
652 1322 818 1369 codice
841 1322 1033 1368 Veneto
1059 1321 1354 1367 dicebamus.

303 1401 476 1446 Tertiae
521 1400 682 1446 classis
725 1399 949 1462 princeps
990 1407 1061 1443 est
1095 1398 1174 1454 A„
1211 1397 1258 1442 id
1298 1407 1368 1443 est
1404 1397 1555 1443 codex
1593 1396 1763 1444 biblio-

237 1478 392 1524 thecae
428 1478 569 1540 regiae
605 1475 917 1522 Monacensis
948 1476 1078 1535 485„
1114 1474 1229 1519 olim
1263 1474 1590 1536 Augustanus,
1625 1474 1761 1535 eujus

239 1555 504 1601 lectionum
541 1552 780 1616 excerptis
822 1550 1093 1597 incredibili
1136 1551 1432 1614 negligentia
1469 1552 1527 1596 ab
1564 1551 1762 1598 Simone

239 1630 451 1693 quodam
486 1629 707 1675 Fabricio
742 1628 880 1674 factis
919 1644 1031 1673 usus
1068 1639 1140 1672 est
1174 1627 1506 1690 Hieronymus
1535 1627 1762 1684 KVolfius,

238 1715 350 1771 post
384 1706 623 1751 XVolfium
668 1705 914 1767 aliquanto
962 1704 1227 1749 accuratius
1276 1704 1486 1750 excussit
1522 1703 1763 1760 Reiskius,

240 1801 520 1846 quanquam
555 1783 636 1828 hie
672 1799 864 1844 quoque
902 1781 1110 1826 multum
1147 1782 1205 1826 ab
1238 1798 1293 1826 ea
1330 1780 1480 1826 abfuit
1514 1779 1763 1843 diligentia

241 1877 385 1922 quam
417 1858 559 1905 hodie
590 1858 879 1920 requirimus
913 1867 959 1902 et
989 1856 1169 1902 codicis
1199 1856 1342 1917 hujus
1377 1855 1630 1902 auctoritas
1664 1873 1763 1901 ine-

241 1938 445 1983 rebatur.
518 1937 648 1982 Nam
684 1945 1004 1999 praeterquam
1039 1933 1168 1996 quod
1201 1933 1567 1979 collocationem
1598 1933 1766 1978 verbo-

241 2030 347 2058 rum
384 2011 562 2058 nullius
606 2029 707 2057 esse
746 2011 981 2056 momenti
1021 2009 1207 2055 censuit
1243 2026 1536 2071 omnemque
1572 2008 1669 2053 fere
1705 2007 1764 2053 de

242 2089 335 2135 hoc
370 2106 543 2152 genere
577 2087 798 2134 lectionis
833 2085 1159 2132 diversitatem
1193 2084 1500 2148 praetermisit
1525 2084 1765 2138 Reiskius,

243 2166 334 2212 alia
371 2183 562 2227 quoque
607 2182 701 2209 non
750 2181 905 2227 pauca
941 2180 1049 2224 quae
1092 2170 1318 2206 annotare
1361 2178 1516 2224 operae
1556 2160 1765 2224 pretium

243 2251 342 2288 erat
367 2242 442 2287 vel
474 2240 781 2304 praetermisit
808 2240 883 2285 vel
918 2239 1042 2284 male
1077 2238 1201 2282 lecta
1233 2237 1407 2293 attulit,
1434 2254 1591 2298 neque
1626 2236 1676 2282 in
1709 2253 1766 2282 eo

245 2336 341 2364 11011
383 2317 602 2381 peccavit
639 2315 767 2379 quod
805 2333 911 2378 quae
946 2315 1091 2361 verba
1126 2313 1200 2359 vel
1237 2313 1361 2358 inter
1396 2331 1557 2359 versus
1600 2313 1675 2359 vel
1714 2313 1763 2359 in

244 2394 460 2457 margine
508 2392 746 2456 adscripta
794 2391 945 2437 codex
990 2391 1138 2436 habet
1180 2390 1238 2435 ab
1283 2389 1338 2434 iis
1383 2407 1489 2451 quae
1538 2389 1587 2434 111
1629 2398 1765 2436 textu

243 2473 469 2534 leguntur
509 2470 802 2531 distinguere
843 2467 1021 2532 passim
1065 2466 1292 2530 neglexit,
1331 2484 1428 2528 quo
1467 2467 1651 2512 factum
1692 2476 1766 2513 est

243 2558 297 2593 ut
322 2546 499 2593 codicis
524 2545 667 2591 lectio
691 2544 977 2607 interpolata
1009 2542 1253 2588 nonnullis
1286 2542 1336 2587 in
1364 2542 1480 2588 locis
1513 2560 1614 2588 esse
1638 2542 1769 2589 vide-

246 2632 351 2670 atur
374 2623 457 2668 ubi
484 2640 532 2667 re
557 2638 669 2667 vera
694 2628 765 2665 est
791 2619 1112 2683 integerrima.
1185 2618 1283 2675 Qui
1313 2635 1491 2663 errores
1521 2636 1688 2665 omnes
1714 2628 1768 2665 ut

244 2700 384 2746 facile
421 2700 479 2745 ab
514 2716 592 2744 me
629 2697 802 2760 corrigi
835 2705 1047 2760 possent,
1073 2695 1283 2741 virorum
1318 2712 1634 2747 summorum,
1663 2695 1769 2758 qui-

246 2778 334 2822 bus
363 2775 671 2822 bibliothecae
705 2773 847 2837 regiae
873 2773 1184 2819 Monacensis
1219 2790 1332 2818 cura
1361 2771 1649 2818 demandata
1679 2779 1766 2828 est,

247 2851 529 2898 liberalitate
567 2851 687 2897 mihi
719 2850 938 2913 contigit,
964 2867 1071 2912 quae
1104 2849 1247 2911 hujus
1281 2848 1460 2895 codicis
1491 2848 1670 2912 pariter
1698 2856 1766 2894 at-

1880 3006 1882 3033 !
