<?xml version="1.0" encoding="UTF-8"?>
<!DOCTYPE html PUBLIC "-//W3C//DTD XHTML 1.0 Transitional//EN"
    "http://www.w3.org/TR/xhtml1/DTD/xhtml1-transitional.dtd">
<html xmlns="http://www.w3.org/1999/xhtml" xml:lang="en" lang="en">
 <head>
  <title>
</title>
<meta http-equiv="Content-Type" content="text/html;charset=utf-8" />
  <meta name='ocr-system' content='tesseract 3.04.00' />
  <meta name='ocr-capabilities' content='ocr_page ocr_carea ocr_par ocr_line ocrx_word'/>
</head>
<body>
  <div class='ocr_page' id='page_1' title='image "./operaexrecension01demouoft_0187.png"; bbox 0 0 1882 3250; ppageno 0'>
   <div class='ocr_carea' id='block_1_1' title="bbox 67 155 1634 207">
    <p class='ocr_par' dir='ltr' id='par_1_1' title="bbox 67 155 1634 207">
     <span class='ocr_line' id='line_1_1' title="bbox 67 155 1634 207; baseline 0.001 -14"><span class='ocrx_word' id='word_1_1' title='bbox 67 166 160 207; x_wconf 84' lang='lat'><strong>151,</strong></span> <span class='ocrx_word' id='word_1_2' title='bbox 182 171 231 194; x_wconf 72' lang='lat'>12.</span> <span class='ocrx_word' id='word_1_3' title='bbox 621 159 762 195; x_wconf 90' lang='grc' dir='ltr'><strong>ΚΑΤΑ</strong></span> <span class='ocrx_word' id='word_1_4' title='bbox 794 159 1066 195; x_wconf 83' lang='grc' dir='ltr'><strong>ΦΙΛΙΠΠΟὙ</strong></span> <span class='ocrx_word' id='word_1_5' title='bbox 1099 161 1147 197; x_wconf 89' lang='grc' dir='ltr'>Δ.</span> <span class='ocrx_word' id='word_1_6' title='bbox 1525 174 1529 176; x_wconf 95' lang='grc'><strong><em>·</em></strong></span> <span class='ocrx_word' id='word_1_7' title='bbox 1555 155 1634 196; x_wconf 91' lang='grc'>161</span> 
     </span>
    </p>
   </div>
   <div class='ocr_carea' id='block_1_2' title="bbox 13 265 1715 2830">
    <p class='ocr_par' dir='ltr' id='par_1_2' title="bbox 45 265 1715 1656">
     <span class='ocr_line' id='line_1_2' title="bbox 123 265 1636 332; baseline 0.001 -15"><span class='ocrx_word' id='word_1_8' title='bbox 123 266 208 330; x_wconf 76' lang='grc' dir='ltr'>μὲν</span> <span class='ocrx_word' id='word_1_9' title='bbox 241 265 353 332; x_wconf 74' lang='grc' dir='ltr'>ὑπὲρ</span> <span class='ocrx_word' id='word_1_10' title='bbox 379 267 556 317; x_wconf 87' lang='grc' dir='ltr'>τούτων</span> <span class='ocrx_word' id='word_1_11' title='bbox 590 265 777 318; x_wconf 79' lang='grc' dir='ltr'>ἅπαντα</span> <span class='ocrx_word' id='word_1_12' title='bbox 813 267 1030 331; x_wconf 82' lang='grc' dir='ltr'>ποιητέον</span> <span class='ocrx_word' id='word_1_13' title='bbox 1063 266 1176 318; x_wconf 76' lang='grc' dir='ltr'>εἶναι</span> <span class='ocrx_word' id='word_1_14' title='bbox 1215 266 1408 331; x_wconf 72' lang='grc' dir='ltr'>νομίζεις</span> <span class='ocrx_word' id='word_1_15' title='bbox 1442 269 1516 316; x_wconf 74' lang='grc' dir='ltr'>καὶ</span> <span class='ocrx_word' id='word_1_16' title='bbox 1550 290 1636 318; x_wconf 79' lang='grc' dir='ltr'>πο-</span> 
     </span>
     <span class='ocr_line' id='line_1_3' title="bbox 124 348 1633 417; baseline 0 -17"><span class='ocrx_word' id='word_1_17' title='bbox 124 350 285 414; x_wconf 74' lang='grc' dir='ltr'>νητέον</span> <span class='ocrx_word' id='word_1_18' title='bbox 304 353 379 400; x_wconf 80' lang='grc' dir='ltr'>καὶ</span> <span class='ocrx_word' id='word_1_19' title='bbox 405 350 729 413; x_wconf 77' lang='grc' dir='ltr'>κινδυνευτέον,</span> <span class='ocrx_word' id='word_1_20' title='bbox 746 355 803 417; x_wconf 81' lang='grc' dir='ltr'>τῇ</span> <span class='ocrx_word' id='word_1_21' title='bbox 824 349 961 401; x_wconf 89' lang='grc' dir='ltr'>πόλει</span> <span class='ocrx_word' id='word_1_22' title='bbox 982 351 1029 400; x_wconf 78' lang='grc' dir='ltr'>δὲ</span> <span class='ocrx_word' id='word_1_23' title='bbox 1055 350 1309 416; x_wconf 62' lang='grc' dir='ltr'>Επροέσθαι</span> <span class='ocrx_word' id='word_1_24' title='bbox 1329 355 1475 400; x_wconf 81' lang='grc' dir='ltr'>ταῦτα</span> <span class='ocrx_word' id='word_1_25' title='bbox 1496 348 1633 412; x_wconf 53' lang='grc' dir='ltr'>ἰμετά</span> 
     </span>
     <span class='ocr_line' id='line_1_4' title="bbox 56 431 1686 501; baseline 0.001 -18"><span class='ocrx_word' id='word_1_26' title='bbox 56 440 104 479; x_wconf 90' lang='lat'>81</span> <span class='ocrx_word' id='word_1_27' title='bbox 121 435 348 501; x_wconf 73' lang='grc' dir='ltr'>ῥᾳθυμίας</span> <span class='ocrx_word' id='word_1_28' title='bbox 386 433 740 496; x_wconf 75' lang='grc' dir='ltr'>συμβουλεύεις.</span> <span class='ocrx_word' id='word_1_29' title='bbox 808 435 861 484; x_wconf 84' lang='grc' dir='ltr'>οὐ</span> <span class='ocrx_word' id='word_1_30' title='bbox 898 433 990 499; x_wconf 82' lang='grc' dir='ltr'>γὰρ</span> <span class='ocrx_word' id='word_1_31' title='bbox 1025 431 1168 484; x_wconf 84' lang='grc' dir='ltr'>ἐκεῖνό</span> <span class='ocrx_word' id='word_1_32' title='bbox 1206 434 1249 498; x_wconf 86' lang='grc' dir='ltr'>γ’</span> <span class='ocrx_word' id='word_1_33' title='bbox 1285 432 1343 482; x_wconf 77' lang='grc' dir='ltr'>ἂν</span> <span class='ocrx_word' id='word_1_34' title='bbox 1379 433 1535 494; x_wconf 77' lang='grc' dir='ltr'>ε’ίποις,</span> <span class='ocrx_word' id='word_1_35' title='bbox 1571 435 1633 485; x_wconf 83' lang='grc' dir='ltr'>ὡς</span> <span class='ocrx_word' id='word_1_36' title='bbox 1684 462 1686 464; x_wconf 94' lang='grc'><em>·</em></span> 
     </span>
     <span class='ocr_line' id='line_1_5' title="bbox 120 513 1658 582; baseline -0.003 -18"><span class='ocrx_word' id='word_1_37' title='bbox 120 514 178 564; x_wconf 77' lang='grc' dir='ltr'>σὲ</span> <span class='ocrx_word' id='word_1_38' title='bbox 214 514 299 578; x_wconf 74' lang='grc' dir='ltr'>μὲν</span> <span class='ocrx_word' id='word_1_39' title='bbox 332 518 380 565; x_wconf 89' lang='grc' dir='ltr'>ἐν</span> <span class='ocrx_word' id='word_1_40' title='bbox 417 520 472 582; x_wconf 83' lang='grc' dir='ltr'>τῇ</span> <span class='ocrx_word' id='word_1_41' title='bbox 510 515 646 566; x_wconf 77' lang='grc' dir='ltr'>πόλει</span> <span class='ocrx_word' id='word_1_42' title='bbox 683 517 754 565; x_wconf 89' lang='grc' dir='ltr'>δεῖ</span> <span class='ocrx_word' id='word_1_43' title='bbox 786 514 889 566; x_wconf 81' lang='grc' dir='ltr'>τινὰ</span> <span class='ocrx_word' id='word_1_44' title='bbox 922 516 1187 582; x_wconf 83' lang='grc' dir='ltr'>φαίνεσθαι,</span> <span class='ocrx_word' id='word_1_45' title='bbox 1222 513 1307 577; x_wconf 87' lang='grc' dir='ltr'>τὴν</span> <span class='ocrx_word' id='word_1_46' title='bbox 1341 513 1484 564; x_wconf 85' lang='grc' dir='ltr'>πόλιν</span> <span class='ocrx_word' id='word_1_47' title='bbox 1516 517 1556 564; x_wconf 86' lang='grc' dir='ltr'>δ’</span> <span class='ocrx_word' id='word_1_48' title='bbox 1583 515 1658 563; x_wconf 57' lang='grc' dir='ltr'>ἐν]</span> 
     </span>
     <span class='ocr_line' id='line_1_6' title="bbox 175 594 1549 616; baseline -0.004 -1"><span class='ocrx_word' id='word_1_49' title='bbox 175 603 195 612; x_wconf 69' lang='lat' dir='ltr'>e-</span> <span class='ocrx_word' id='word_1_50' title='bbox 240 597 261 615; x_wconf 75' lang='lat' dir='ltr'>e!</span> <span class='ocrx_word' id='word_1_51' title='bbox 642 599 655 613; x_wconf 70' lang='lat' dir='ltr'>x</span> <span class='ocrx_word' id='word_1_52' title='bbox 730 601 740 615; x_wconf 71' lang='lat'><em>2</em></span> <span class='ocrx_word' id='word_1_53' title='bbox 788 600 798 615; x_wconf 79' lang='lat' dir='ltr'><strong><em>J</em></strong></span> <span class='ocrx_word' id='word_1_54' title='bbox 900 596 920 605; x_wconf 49' lang='grc' dir='ltr'>Β</span> <span class='ocrx_word' id='word_1_55' title='bbox 1122 600 1135 616; x_wconf 56' lang='grc' dir='ltr'>χ</span> <span class='ocrx_word' id='word_1_56' title='bbox 1214 596 1225 611; x_wconf 62' lang='lat' dir='ltr'>x</span> <span class='ocrx_word' id='word_1_57' title='bbox 1325 598 1336 611; x_wconf 79' lang='lat'><strong>›</strong></span> <span class='ocrx_word' id='word_1_58' title='bbox 1369 598 1378 612; x_wconf 69' lang='lat' dir='ltr'>s</span> <span class='ocrx_word' id='word_1_59' title='bbox 1418 597 1428 611; x_wconf 70' lang='lat'>2</span> <span class='ocrx_word' id='word_1_60' title='bbox 1482 600 1501 609; x_wconf 54' lang='grc' dir='ltr'>Α</span> <span class='ocrx_word' id='word_1_61' title='bbox 1538 594 1549 610; x_wconf 87' lang='lat' dir='ltr'><em>l</em></span> 
     </span>
     <span class='ocr_line' id='line_1_7' title="bbox 119 599 1630 666; baseline -0.003 -18"><span class='ocrx_word' id='word_1_62' title='bbox 119 621 214 652; x_wconf 89' lang='grc' dir='ltr'>τοις</span> <span class='ocrx_word' id='word_1_63' title='bbox 264 603 459 662; x_wconf 88' lang='grc' dir='ltr'>Ελλησι</span> <span class='ocrx_word' id='word_1_64' title='bbox 492 601 688 662; x_wconf 86' lang='grc' dir='ltr'>μηδενος</span> <span class='ocrx_word' id='word_1_65' title='bbox 714 599 852 666; x_wconf 76' lang='grc' dir='ltr'>αξιαν</span> <span class='ocrx_word' id='word_1_66' title='bbox 877 604 1006 649; x_wconf 86' lang='grc' dir='ltr'>εἶναι.</span> <span class='ocrx_word' id='word_1_67' title='bbox 1063 621 1137 648; x_wconf 88' lang='grc' dir='ltr'>και</span> <span class='ocrx_word' id='word_1_68' title='bbox 1168 621 1260 661; x_wconf 81' lang='grc' dir='ltr'>μην</span> <span class='ocrx_word' id='word_1_69' title='bbox 1287 600 1369 646; x_wconf 89' lang='grc' dir='ltr'>ουδ</span> <span class='ocrx_word' id='word_1_70' title='bbox 1407 619 1550 646; x_wconf 86' lang='grc' dir='ltr'>εκεινο</span> <span class='ocrx_word' id='word_1_71' title='bbox 1575 618 1630 659; x_wconf 90' lang='grc' dir='ltr'>γε</span> 
     </span>
     <span class='ocr_line' id='line_1_8' title="bbox 118 678 1629 748; baseline -0.002 -17"><span class='ocrx_word' id='word_1_72' title='bbox 118 682 225 747; x_wconf 81' lang='grc' dir='ltr'>ὁρῶ,</span> <span class='ocrx_word' id='word_1_73' title='bbox 246 684 307 734; x_wconf 87' lang='grc' dir='ltr'>ὡς</span> <span class='ocrx_word' id='word_1_74' title='bbox 333 685 390 748; x_wconf 83' lang='grc' dir='ltr'>τῇ</span> <span class='ocrx_word' id='word_1_75' title='bbox 417 681 530 745; x_wconf 63' lang='grc' dir='ltr'>ἕμέν</span> <span class='ocrx_word' id='word_1_76' title='bbox 555 682 692 733; x_wconf 89' lang='grc' dir='ltr'>πόλει</span> <span class='ocrx_word' id='word_1_77' title='bbox 719 681 939 748; x_wconf 80' lang='grc' dir='ltr'>ἀσφαλὲς</span> <span class='ocrx_word' id='word_1_78' title='bbox 965 682 1019 731; x_wconf 83' lang='grc' dir='ltr'>τὸ</span> <span class='ocrx_word' id='word_1_79' title='bbox 1045 680 1104 731; x_wconf 77' lang='grc' dir='ltr'>τὰ</span> <span class='ocrx_word' id='word_1_80' title='bbox 1131 682 1272 743; x_wconf 85' lang='grc' dir='ltr'>αὑτῆς</span> <span class='ocrx_word' id='word_1_81' title='bbox 1296 678 1530 744; x_wconf 81' lang='grc' dir='ltr'>πράττειν,</span> <span class='ocrx_word' id='word_1_82' title='bbox 1551 681 1629 729; x_wconf 74' lang='grc' dir='ltr'>σοὶ</span> 
     </span>
     <span class='ocr_line' id='line_1_9' title="bbox 116 761 1629 829; baseline -0.003 -14"><span class='ocrx_word' id='word_1_83' title='bbox 116 764 166 815; x_wconf 80' lang='grc' dir='ltr'>δὲ</span> <span class='ocrx_word' id='word_1_84' title='bbox 196 763 452 827; x_wconf 81' lang='grc' dir='ltr'>11κίνδυνος,</span> <span class='ocrx_word' id='word_1_85' title='bbox 488 770 524 816; x_wconf 78' lang='grc' dir='ltr'>εἰ</span> <span class='ocrx_word' id='word_1_86' title='bbox 563 765 707 829; x_wconf 78' lang='grc' dir='ltr'>μηδὲν</span> <span class='ocrx_word' id='word_1_87' title='bbox 744 770 839 816; x_wconf 82' lang='grc' dir='ltr'>τῶν</span> <span class='ocrx_word' id='word_1_88' title='bbox 875 765 1041 815; x_wconf 79' lang='grc' dir='ltr'>ἄλλων</span> <span class='ocrx_word' id='word_1_89' title='bbox 1076 763 1249 814; x_wconf 74' lang='grc' dir='ltr'>ἰπλέον</span> <span class='ocrx_word' id='word_1_90' title='bbox 1281 761 1629 828; x_wconf 49' lang='grc' dir='ltr'>Κπεριεργάσει,</span> 
     </span>
     <span class='ocr_line' id='line_1_10' title="bbox 111 845 1631 915; baseline -0.002 -18"><span class='ocrx_word' id='word_1_91' title='bbox 111 847 246 898; x_wconf 78' lang='grc' dir='ltr'>ἀλλὰ</span> <span class='ocrx_word' id='word_1_92' title='bbox 279 849 545 898; x_wconf 81' lang='grc' dir='ltr'>τούναντίον</span> <span class='ocrx_word' id='word_1_93' title='bbox 577 851 655 899; x_wconf 78' lang='grc' dir='ltr'>σοὶ</span> <span class='ocrx_word' id='word_1_94' title='bbox 695 848 779 912; x_wconf 79' lang='grc' dir='ltr'>μὲν</span> <span class='ocrx_word' id='word_1_95' title='bbox 809 848 866 915; x_wconf 79' lang='grc' dir='ltr'>ἐξ</span> <span class='ocrx_word' id='word_1_96' title='bbox 896 846 960 897; x_wconf 78' lang='grc' dir='ltr'>ὧν</span> <span class='ocrx_word' id='word_1_97' title='bbox 993 845 1195 912; x_wconf 74' lang='grc' dir='ltr'>1ε’ργοῖζει</span> <span class='ocrx_word' id='word_1_98' title='bbox 1234 848 1308 896; x_wconf 85' lang='grc' dir='ltr'>καὶ</span> <span class='ocrx_word' id='word_1_99' title='bbox 1346 845 1631 911; x_wconf 75' lang='grc' dir='ltr'>περιεργάζει</span> 
     </span>
     <span class='ocr_line' id='line_1_11' title="bbox 113 929 1677 999; baseline -0.003 -18"><span class='ocrx_word' id='word_1_100' title='bbox 113 930 218 984; x_wconf 77' lang='grc' dir='ltr'>τοὺς</span> <span class='ocrx_word' id='word_1_101' title='bbox 251 931 480 998; x_wconf 83' lang='grc' dir='ltr'>ἐσχάτους</span> <span class='ocrx_word' id='word_1_102' title='bbox 519 931 656 986; x_wconf 76' lang='grc' dir='ltr'>ὄντας</span> <span class='ocrx_word' id='word_1_103' title='bbox 686 931 936 991; x_wconf 76' lang='grc' dir='ltr'>κινδύνους,</span> <span class='ocrx_word' id='word_1_104' title='bbox 969 935 1027 999; x_wconf 84' lang='grc' dir='ltr'>τῇ</span> <span class='ocrx_word' id='word_1_105' title='bbox 1063 929 1200 982; x_wconf 86' lang='grc' dir='ltr'>πόλει</span> <span class='ocrx_word' id='word_1_106' title='bbox 1234 929 1281 981; x_wconf 80' lang='grc' dir='ltr'>δὲ</span> <span class='ocrx_word' id='word_1_107' title='bbox 1314 931 1364 980; x_wconf 88' lang='grc' dir='ltr'>ἐκ</span> <span class='ocrx_word' id='word_1_108' title='bbox 1398 933 1481 993; x_wconf 86' lang='grc' dir='ltr'>τῆς</span> <span class='ocrx_word' id='word_1_109' title='bbox 1512 931 1620 993; x_wconf 84' lang='grc' dir='ltr'>ἡσυ-</span> <span class='ocrx_word' id='word_1_110' title='bbox 1643 957 1677 985; x_wconf 73' lang='lat'>25·</span> 
     </span>
     <span class='ocr_line' id='line_1_12' title="bbox 49 1012 1628 1083; baseline -0.004 -15"><span class='ocrx_word' id='word_1_111' title='bbox 49 1028 101 1068; x_wconf 87' lang='lat'>82</span> <span class='ocrx_word' id='word_1_112' title='bbox 114 1015 232 1081; x_wconf 88' lang='grc' dir='ltr'>χίας.</span> <span class='ocrx_word' id='word_1_113' title='bbox 299 1014 430 1064; x_wconf 76' lang='grc' dir='ltr'>ἀλλὰ</span> <span class='ocrx_word' id='word_1_114' title='bbox 475 1014 530 1078; x_wconf 86' lang='grc' dir='ltr'>νὴ</span> <span class='ocrx_word' id='word_1_115' title='bbox 575 1016 669 1064; x_wconf 87' lang='grc' dir='ltr'>Δία</span> <span class='ocrx_word' id='word_1_116' title='bbox 713 1014 927 1083; x_wconf 77' lang='grc' dir='ltr'>παππῴα</span> <span class='ocrx_word' id='word_1_117' title='bbox 973 1022 1002 1040; x_wconf 79' lang='lat'>¹¹¹</span> <span class='ocrx_word' id='word_1_118' title='bbox 1020 1037 1100 1064; x_wconf 93' lang='grc' dir='ltr'>σοι</span> <span class='ocrx_word' id='word_1_119' title='bbox 1150 1018 1226 1063; x_wconf 83' lang='grc' dir='ltr'>καὶ</span> <span class='ocrx_word' id='word_1_120' title='bbox 1268 1012 1466 1081; x_wconf 72' lang='grc' dir='ltr'>πατρῴα</span> <span class='ocrx_word' id='word_1_121' title='bbox 1511 1012 1628 1080; x_wconf 77' lang='grc' dir='ltr'>δόξα</span> 
     </span>
     <span class='ocr_line' id='line_1_13' title="bbox 114 1094 1625 1164; baseline -0.001 -17"><span class='ocrx_word' id='word_1_122' title='bbox 114 1096 324 1164; x_wconf 79' lang='grc' dir='ltr'>ὑπάρχει,</span> <span class='ocrx_word' id='word_1_123' title='bbox 351 1096 407 1161; x_wconf 82' lang='grc' dir='ltr'>ἣν</span> <span class='ocrx_word' id='word_1_124' title='bbox 433 1096 635 1164; x_wconf 83' lang='grc' dir='ltr'>αἰσχρόν</span> <span class='ocrx_word' id='word_1_125' title='bbox 660 1100 791 1148; x_wconf 86' lang='grc' dir='ltr'>ἐστιν</span> <span class='ocrx_word' id='word_1_126' title='bbox 816 1099 865 1147; x_wconf 83' lang='grc' dir='ltr'>ἐν</span> <span class='ocrx_word' id='word_1_127' title='bbox 891 1099 971 1147; x_wconf 76' lang='grc' dir='ltr'>σοὶ</span> <span class='ocrx_word' id='word_1_128' title='bbox 1005 1102 1285 1147; x_wconf 85' lang='grc' dir='ltr'>καταλῦσαι·</span> <span class='ocrx_word' id='word_1_129' title='bbox 1325 1100 1384 1162; x_wconf 83' lang='grc' dir='ltr'>τῇ</span> <span class='ocrx_word' id='word_1_130' title='bbox 1418 1094 1555 1147; x_wconf 90' lang='grc' dir='ltr'>πόλει</span> <span class='ocrx_word' id='word_1_131' title='bbox 1587 1098 1625 1146; x_wconf 86' lang='grc' dir='ltr'>δ’</span> 
     </span>
     <span class='ocr_line' id='line_1_14' title="bbox 114 1178 1624 1248; baseline -0.002 -18"><span class='ocrx_word' id='word_1_132' title='bbox 114 1180 319 1248; x_wconf 78' lang='grc' dir='ltr'>ὑπῆρξεν</span> <span class='ocrx_word' id='word_1_133' title='bbox 359 1180 579 1243; x_wconf 85' lang='grc' dir='ltr'>ἀνώνυμα</span> <span class='ocrx_word' id='word_1_134' title='bbox 623 1183 699 1230; x_wconf 83' lang='grc' dir='ltr'>καὶ</span> <span class='ocrx_word' id='word_1_135' title='bbox 745 1184 911 1247; x_wconf 84' lang='grc' dir='ltr'>φαῦλα</span> <span class='ocrx_word' id='word_1_136' title='bbox 954 1179 1013 1230; x_wconf 80' lang='grc' dir='ltr'>τὰ</span> <span class='ocrx_word' id='word_1_137' title='bbox 1058 1184 1150 1229; x_wconf 80' lang='grc' dir='ltr'>τῶν</span> <span class='ocrx_word' id='word_1_138' title='bbox 1191 1178 1452 1243; x_wconf 87' lang='grc' dir='ltr'>προγόνων.</span> <span class='ocrx_word' id='word_1_139' title='bbox 1515 1180 1624 1229; x_wconf 85' lang='grc' dir='ltr'>ἀλλ’</span> 
     </span>
     <span class='ocr_line' id='line_1_15' title="bbox 112 1259 1715 1329; baseline -0.002 -17"><span class='ocrx_word' id='word_1_140' title='bbox 112 1262 214 1313; x_wconf 77' lang='grc' dir='ltr'>οὐδὲ</span> <span class='ocrx_word' id='word_1_141' title='bbox 246 1264 369 1313; x_wconf 86' lang='grc' dir='ltr'>τοῦθ’</span> <span class='ocrx_word' id='word_1_142' title='bbox 400 1264 545 1316; x_wconf 78' lang='grc' dir='ltr'>οὕτως</span> <span class='ocrx_word' id='word_1_143' title='bbox 577 1263 683 1329; x_wconf 76' lang='grc' dir='ltr'>ἔχει·</span> <span class='ocrx_word' id='word_1_144' title='bbox 726 1264 805 1312; x_wconf 81' lang='grc' dir='ltr'>σοὶ</span> <span class='ocrx_word' id='word_1_145' title='bbox 832 1262 916 1324; x_wconf 75' lang='grc' dir='ltr'>μὲν</span> <span class='ocrx_word' id='word_1_146' title='bbox 943 1261 1035 1327; x_wconf 78' lang='grc' dir='ltr'>γὰρ</span> <span class='ocrx_word' id='word_1_147' title='bbox 1062 1260 1148 1324; x_wconf 64' lang='grc' dir='ltr'>Πῆν</span> <span class='ocrx_word' id='word_1_148' title='bbox 1175 1262 1379 1324; x_wconf 80' lang='grc' dir='ltr'>κλέπτης</span> <span class='ocrx_word' id='word_1_149' title='bbox 1405 1261 1429 1310; x_wconf 84' lang='grc' dir='ltr'>ὁ</span> <span class='ocrx_word' id='word_1_150' title='bbox 1455 1259 1625 1326; x_wconf 83' lang='grc' dir='ltr'>πατὴρ,</span> <span class='ocrx_word' id='word_1_151' title='bbox 1647 1284 1715 1323; x_wconf 76' lang='lat'>¹51</span> 
     </span>
     <span class='ocr_line' id='line_1_16' title="bbox 111 1342 1625 1413; baseline -0.001 -18"><span class='ocrx_word' id='word_1_152' title='bbox 111 1345 236 1411; x_wconf 81' lang='grc' dir='ltr'>εἴπερ</span> <span class='ocrx_word' id='word_1_153' title='bbox 261 1344 318 1409; x_wconf 81' lang='grc' dir='ltr'>ἦν</span> <span class='ocrx_word' id='word_1_154' title='bbox 345 1345 502 1408; x_wconf 78' lang='grc' dir='ltr'>ὅμοιος</span> <span class='ocrx_word' id='word_1_155' title='bbox 528 1348 621 1407; x_wconf 75' lang='grc' dir='ltr'>σοὶ,</span> <span class='ocrx_word' id='word_1_156' title='bbox 648 1349 705 1413; x_wconf 81' lang='grc' dir='ltr'>τῇ</span> <span class='ocrx_word' id='word_1_157' title='bbox 731 1344 868 1396; x_wconf 90' lang='grc' dir='ltr'>πόλει</span> <span class='ocrx_word' id='word_1_158' title='bbox 896 1346 963 1395; x_wconf 73' lang='lat'>05’</span> <span class='ocrx_word' id='word_1_159' title='bbox 992 1345 1137 1407; x_wconf 81' lang='grc' dir='ltr'>ἡμῶν,</span> <span class='ocrx_word' id='word_1_160' title='bbox 1165 1346 1226 1396; x_wconf 86' lang='grc' dir='ltr'>ὡς</span> <span class='ocrx_word' id='word_1_161' title='bbox 1250 1342 1421 1397; x_wconf 81' lang='grc' dir='ltr'>πάντες</span> <span class='ocrx_word' id='word_1_162' title='bbox 1446 1344 1625 1405; x_wconf 80' lang='grc' dir='ltr'>ἴσασιν,</span> 
     </span>
     <span class='ocr_line' id='line_1_17' title="bbox 111 1425 1625 1493; baseline -0.001 -15"><span class='ocrx_word' id='word_1_163' title='bbox 111 1432 153 1478; x_wconf 80' lang='grc' dir='ltr'>οἱ</span> <span class='ocrx_word' id='word_1_164' title='bbox 170 1426 408 1492; x_wconf 58' lang='grc' dir='ltr'>’Έλληνες</span> <span class='ocrx_word' id='word_1_165' title='bbox 432 1431 527 1482; x_wconf 71' lang='grc' dir='ltr'>Ρδῖς</span> <span class='ocrx_word' id='word_1_166' title='bbox 554 1430 602 1478; x_wconf 85' lang='grc' dir='ltr'>ἐκ</span> <span class='ocrx_word' id='word_1_167' title='bbox 629 1433 723 1478; x_wconf 82' lang='grc' dir='ltr'>τῶν</span> <span class='ocrx_word' id='word_1_168' title='bbox 748 1428 987 1493; x_wconf 84' lang='grc' dir='ltr'>μεγίστων</span> <span class='ocrx_word' id='word_1_169' title='bbox 1007 1427 1229 1477; x_wconf 83' lang='grc' dir='ltr'>κινδύνων</span> <span class='ocrx_word' id='word_1_170' title='bbox 1249 1425 1367 1476; x_wconf 58' lang='grc' dir='ltr'>(Ῑὺπὸ</span> <span class='ocrx_word' id='word_1_171' title='bbox 1393 1431 1486 1476; x_wconf 81' lang='grc' dir='ltr'>τῶν</span> <span class='ocrx_word' id='word_1_172' title='bbox 1511 1449 1625 1492; x_wconf 90' lang='grc' dir='ltr'>προ-</span> 
     </span>
     <span class='ocr_line' id='line_1_18' title="bbox 45 1508 1625 1579; baseline -0.001 -18"><span class='ocrx_word' id='word_1_173' title='bbox 45 1526 95 1579; x_wconf 80' lang='lat'>83</span> <span class='ocrx_word' id='word_1_174' title='bbox 111 1510 262 1575; x_wconf 87' lang='grc' dir='ltr'>γόνων</span> <span class='ocrx_word' id='word_1_175' title='bbox 288 1511 625 1574; x_wconf 70' lang='grc' dir='ltr'>Γσεσωσμένοι.</span> <span class='ocrx_word' id='word_1_176' title='bbox 683 1510 836 1561; x_wconf 53' lang='grc' dir='ltr'>Ξάλλά</span> <span class='ocrx_word' id='word_1_177' title='bbox 862 1510 954 1576; x_wconf 79' lang='grc' dir='ltr'>γὰρ</span> <span class='ocrx_word' id='word_1_178' title='bbox 981 1511 1063 1560; x_wconf 76' lang='grc' dir='ltr'>οὐκ</span> <span class='ocrx_word' id='word_1_179' title='bbox 1096 1510 1210 1562; x_wconf 77' lang='grc' dir='ltr'>ἴσως</span> <span class='ocrx_word' id='word_1_180' title='bbox 1242 1508 1345 1559; x_wconf 78' lang='grc' dir='ltr'>οὐδὲ</span> <span class='ocrx_word' id='word_1_181' title='bbox 1371 1514 1625 1563; x_wconf 80' lang='grc' dir='ltr'>πολιτικῶς</span> 
     </span>
     <span class='ocr_line' id='line_1_19' title="bbox 109 1591 1652 1656; baseline -0.001 -12"><span class='ocrx_word' id='word_1_182' title='bbox 109 1594 218 1644; x_wconf 74' lang='grc' dir='ltr'>ε”νιοι</span> <span class='ocrx_word' id='word_1_183' title='bbox 242 1593 301 1644; x_wconf 78' lang='grc' dir='ltr'>τὰ</span> <span class='ocrx_word' id='word_1_184' title='bbox 327 1596 427 1644; x_wconf 87' lang='grc' dir='ltr'>καθ’</span> <span class='ocrx_word' id='word_1_185' title='bbox 456 1594 650 1647; x_wconf 49' lang='grc' dir='ltr'>ῒαὺτοὺς</span> <span class='ocrx_word' id='word_1_186' title='bbox 684 1597 759 1644; x_wconf 79' lang='grc' dir='ltr'>καὶ</span> <span class='ocrx_word' id='word_1_187' title='bbox 793 1593 888 1644; x_wconf 68' lang='grc' dir='ltr'>11τοὶ</span> <span class='ocrx_word' id='word_1_188' title='bbox 919 1592 1076 1643; x_wconf 61' lang='grc' dir='ltr'>Χκατά</span> <span class='ocrx_word' id='word_1_189' title='bbox 1109 1592 1196 1656; x_wconf 86' lang='grc' dir='ltr'>τὴν</span> <span class='ocrx_word' id='word_1_190' title='bbox 1229 1591 1372 1643; x_wconf 91' lang='grc' dir='ltr'>πόλιν</span> <span class='ocrx_word' id='word_1_191' title='bbox 1405 1593 1652 1647; x_wconf 82' lang='grc' dir='ltr'>πολιτεύ-5</span> 
     </span>
    </p>

    <p class='ocr_par' dir='ltr' id='par_1_3' title="bbox 13 1676 1624 1995">
     <span class='ocr_line' id='line_1_20' title="bbox 13 1676 1619 1743; baseline -0.003 -12"><span class='ocrx_word' id='word_1_192' title='bbox 13 1707 17 1731; x_wconf 72' lang='lat'>1</span> <span class='ocrx_word' id='word_1_193' title='bbox 109 1694 251 1727; x_wconf 85' lang='grc' dir='ltr'>ονται·</span> <span class='ocrx_word' id='word_1_194' title='bbox 291 1682 390 1730; x_wconf 79' lang='grc' dir='ltr'>πῶς</span> <span class='ocrx_word' id='word_1_195' title='bbox 421 1677 514 1743; x_wconf 82' lang='grc' dir='ltr'>γάρ</span> <span class='ocrx_word' id='word_1_196' title='bbox 546 1679 677 1728; x_wconf 84' lang='grc' dir='ltr'>ἐστιν</span> <span class='ocrx_word' id='word_1_197' title='bbox 712 1677 818 1727; x_wconf 89' lang='grc' dir='ltr'>’ίσον</span> <span class='ocrx_word' id='word_1_198' title='bbox 851 1676 1029 1728; x_wconf 88' lang='grc' dir='ltr'>τούτων</span> <span class='ocrx_word' id='word_1_199' title='bbox 1067 1677 1151 1739; x_wconf 75' lang='grc' dir='ltr'>μέν</span> <span class='ocrx_word' id='word_1_200' title='bbox 1186 1699 1314 1729; x_wconf 87' lang='grc' dir='ltr'>τινας</span> <span class='ocrx_word' id='word_1_201' title='bbox 1346 1677 1395 1725; x_wconf 81' lang='grc' dir='ltr'>ἐκ</span> <span class='ocrx_word' id='word_1_202' title='bbox 1427 1682 1509 1726; x_wconf 85' lang='grc' dir='ltr'>τοῦ</span> <span class='ocrx_word' id='word_1_203' title='bbox 1545 1680 1619 1726; x_wconf 91' lang='grc' dir='ltr'>δε-</span> 
     </span>
     <span class='ocr_line' id='line_1_21' title="bbox 105 1758 1623 1825; baseline -0.001 -15"><span class='ocrx_word' id='word_1_204' title='bbox 105 1761 378 1825; x_wconf 90' lang='grc' dir='ltr'>σμωτηρίου</span> <span class='ocrx_word' id='word_1_205' title='bbox 423 1768 440 1796; x_wconf 71' lang='lat' dir='ltr'>y</span> <span class='ocrx_word' id='word_1_206' title='bbox 457 1762 654 1825; x_wconf 85' lang='grc' dir='ltr'>ἥκοντας</span> <span class='ocrx_word' id='word_1_207' title='bbox 699 1760 887 1814; x_wconf 76' lang='grc' dir='ltr'>ἑαυτοὺς</span> <span class='ocrx_word' id='word_1_208' title='bbox 935 1762 1132 1824; x_wconf 81' lang='grc' dir='ltr'>ἀγνοεῖν,</span> <span class='ocrx_word' id='word_1_209' title='bbox 1177 1759 1262 1823; x_wconf 85' lang='grc' dir='ltr'>τὴν</span> <span class='ocrx_word' id='word_1_210' title='bbox 1307 1758 1450 1810; x_wconf 84' lang='grc' dir='ltr'>πόλιν</span> <span class='ocrx_word' id='word_1_211' title='bbox 1495 1761 1549 1821; x_wconf 84' lang='grc' dir='ltr'>δ’,</span> <span class='ocrx_word' id='word_1_212' title='bbox 1595 1758 1623 1823; x_wconf 82' lang='grc' dir='ltr'>ἢ</span> 
     </span>
     <span class='ocr_line' id='line_1_22' title="bbox 106 1842 1624 1907; baseline -0.001 -14"><span class='ocrx_word' id='word_1_213' title='bbox 106 1843 428 1907; x_wconf 86' lang='grc' dir='ltr'>Ζπροειστήκει</span> <span class='ocrx_word' id='word_1_214' title='bbox 459 1849 553 1894; x_wconf 82' lang='grc' dir='ltr'>τῶν</span> <span class='ocrx_word' id='word_1_215' title='bbox 580 1845 745 1894; x_wconf 74' lang='grc' dir='ltr'>ἄλλων</span> <span class='ocrx_word' id='word_1_216' title='bbox 772 1844 1052 1906; x_wconf 57' lang='grc' dir='ltr'>ξιἙλλήνων</span> <span class='ocrx_word' id='word_1_217' title='bbox 1077 1843 1189 1895; x_wconf 80' lang='grc' dir='ltr'>τέως</span> <span class='ocrx_word' id='word_1_218' title='bbox 1216 1845 1289 1892; x_wconf 76' lang='grc' dir='ltr'>καὶ</span> <span class='ocrx_word' id='word_1_219' title='bbox 1316 1842 1369 1892; x_wconf 80' lang='grc' dir='ltr'>τὸ</span> <span class='ocrx_word' id='word_1_220' title='bbox 1396 1847 1624 1907; x_wconf 79' lang='grc' dir='ltr'>πρωτεῖον</span> 
     </span>
     <span class='ocr_line' id='line_1_23' title="bbox 106 1923 1512 1995; baseline 0 -20"><span class='ocrx_word' id='word_1_221' title='bbox 106 1923 213 1991; x_wconf 75' lang='grc' dir='ltr'>εἶχε,</span> <span class='ocrx_word' id='word_1_222' title='bbox 240 1932 322 1976; x_wconf 84' lang='grc' dir='ltr'>νῦν</span> <span class='ocrx_word' id='word_1_223' title='bbox 348 1928 396 1976; x_wconf 86' lang='grc' dir='ltr'>ἐν</span> <span class='ocrx_word' id='word_1_224' title='bbox 423 1927 588 1995; x_wconf 76' lang='grc' dir='ltr'>ἀδοξίᾳ</span> <span class='ocrx_word' id='word_1_225' title='bbox 613 1926 748 1994; x_wconf 78' lang='grc' dir='ltr'>πάσῃ</span> <span class='ocrx_word' id='word_1_226' title='bbox 775 1929 849 1977; x_wconf 78' lang='grc' dir='ltr'>καὶ</span> <span class='ocrx_word' id='word_1_227' title='bbox 876 1926 1170 1989; x_wconf 83' lang='grc' dir='ltr'>ταπεινότητι</span> <span class='ocrx_word' id='word_1_228' title='bbox 1196 1925 1512 1988; x_wconf 69' lang='grc' dir='ltr'>καθεστάναι,</span> 
     </span>
    </p>

    <p class='ocr_par' dir='ltr' id='par_1_4' title="bbox 40 2008 1672 2241">
     <span class='ocr_line' id='line_1_24' title="bbox 40 2008 1672 2076; baseline 0 -21"><span class='ocrx_word' id='word_1_229' title='bbox 40 2015 96 2066; x_wconf 89' lang='lat'>84</span> <span class='ocrx_word' id='word_1_230' title='bbox 183 2008 358 2058; x_wconf 76' lang='grc' dir='ltr'>Πολλὰ</span> <span class='ocrx_word' id='word_1_231' title='bbox 390 2010 544 2059; x_wconf 87' lang='grc' dir='ltr'>τοίνυν</span> <span class='ocrx_word' id='word_1_232' title='bbox 579 2010 698 2076; x_wconf 77' lang='grc' dir='ltr'>ἔχων</span> <span class='ocrx_word' id='word_1_233' title='bbox 734 2009 798 2059; x_wconf 76' lang='grc' dir='ltr'>ε”τι</span> <span class='ocrx_word' id='word_1_234' title='bbox 836 2011 912 2059; x_wconf 79' lang='grc' dir='ltr'>καὶ</span> <span class='ocrx_word' id='word_1_235' title='bbox 950 2011 1054 2074; x_wconf 75' lang='grc' dir='ltr'>περὶ</span> <span class='ocrx_word' id='word_1_236' title='bbox 1092 2013 1293 2058; x_wconf 80' lang='grc' dir='ltr'>πολλῶν</span> <span class='ocrx_word' id='word_1_237' title='bbox 1328 2012 1470 2059; x_wconf 79' lang='grc' dir='ltr'>εἰπεῖν</span> <span class='ocrx_word' id='word_1_238' title='bbox 1503 2010 1672 2059; x_wconf 80' lang='grc' dir='ltr'>παύ-ιο</span> 
     </span>
     <span class='ocr_line' id='line_1_25' title="bbox 105 2090 1622 2159; baseline 0.001 -19"><span class='ocrx_word' id='word_1_239' title='bbox 105 2109 264 2152; x_wconf 89' lang='grc' dir='ltr'>σομαι·</span> <span class='ocrx_word' id='word_1_240' title='bbox 305 2094 379 2141; x_wconf 83' lang='grc' dir='ltr'>καὶ</span> <span class='ocrx_word' id='word_1_241' title='bbox 410 2091 503 2157; x_wconf 80' lang='grc' dir='ltr'>γὰρ</span> <span class='ocrx_word' id='word_1_242' title='bbox 534 2093 586 2141; x_wconf 83' lang='grc' dir='ltr'>οὐ</span> <span class='ocrx_word' id='word_1_243' title='bbox 619 2091 779 2157; x_wconf 87' lang='grc' dir='ltr'>λόγων</span> <span class='ocrx_word' id='word_1_244' title='bbox 812 2093 959 2159; x_wconf 77' lang='grc' dir='ltr'>ἐνδείᾳ</span> <span class='ocrx_word' id='word_1_245' title='bbox 993 2114 1072 2154; x_wconf 91' lang='grc' dir='ltr'>μοι</span> <span class='ocrx_word' id='word_1_246' title='bbox 1110 2094 1236 2141; x_wconf 86' lang='grc' dir='ltr'>δοκεῖ</span> <span class='ocrx_word' id='word_1_247' title='bbox 1269 2090 1328 2141; x_wconf 82' lang='grc' dir='ltr'>τὰ</span> <span class='ocrx_word' id='word_1_248' title='bbox 1364 2091 1622 2156; x_wconf 81' lang='grc' dir='ltr'>πράγματα</span> 
     </span>
     <span class='ocr_line' id='line_1_26' title="bbox 104 2172 1622 2241; baseline 0.003 -21"><span class='ocrx_word' id='word_1_249' title='bbox 104 2172 208 2221; x_wconf 76' lang='grc' dir='ltr'>οὔτε</span> <span class='ocrx_word' id='word_1_250' title='bbox 249 2177 330 2222; x_wconf 78' lang='grc' dir='ltr'>νῦν</span> <span class='ocrx_word' id='word_1_251' title='bbox 368 2174 461 2222; x_wconf 76' lang='grc' dir='ltr'>οὔτ’</span> <span class='ocrx_word' id='word_1_252' title='bbox 498 2173 674 2223; x_wconf 76' lang='grc' dir='ltr'>ἄλλοτε</span> <span class='ocrx_word' id='word_1_253' title='bbox 716 2174 905 2224; x_wconf 84' lang='grc' dir='ltr'>πώποτε</span> <span class='ocrx_word' id='word_1_254' title='bbox 948 2174 1144 2240; x_wconf 86' lang='grc' dir='ltr'>φαύλως</span> <span class='ocrx_word' id='word_1_255' title='bbox 1188 2175 1319 2241; x_wconf 77' lang='grc' dir='ltr'>ἔχειν,</span> <span class='ocrx_word' id='word_1_256' title='bbox 1362 2177 1469 2224; x_wconf 83' lang='grc' dir='ltr'>ἀλλ’</span> <span class='ocrx_word' id='word_1_257' title='bbox 1510 2175 1622 2225; x_wconf 77' lang='grc' dir='ltr'>ὅταν</span> 
     </span>
    </p>

    <p class='ocr_par' dir='ltr' id='par_1_5' title="bbox 1377 2319 1620 2354">
     <span class='ocr_line' id='line_1_27' title="bbox 1377 2319 1620 2354; baseline 0.008 -6"><span class='ocrx_word' id='word_1_258' title='bbox 1377 2319 1456 2354; x_wconf 79' lang='grc' dir='ltr'>μετὰ</span> <span class='ocrx_word' id='word_1_259' title='bbox 1607 2332 1620 2350; x_wconf 85' lang='grc' dir='ltr'>ς</span> 
     </span>
    </p>

    <p class='ocr_par' dir='ltr' id='par_1_6' title="bbox 100 2361 1620 2830">
     <span class='ocr_line' id='line_1_28' title="bbox 158 2361 1620 2409; baseline 0.003 -15"><span class='ocrx_word' id='word_1_260' title='bbox 158 2366 174 2384; x_wconf 69' lang='grc' dir='ltr'>θ</span> <span class='ocrx_word' id='word_1_261' title='bbox 195 2362 360 2405; x_wconf 83' lang='grc' dir='ltr'>προέσθαι</span> <span class='ocrx_word' id='word_1_262' title='bbox 379 2362 502 2407; x_wconf 83' lang='grc' dir='ltr'>ταῦτα]</span> <span class='ocrx_word' id='word_1_263' title='bbox 527 2365 631 2396; x_wconf 81' lang='grc' dir='ltr'>ταῦτα</span> <span class='ocrx_word' id='word_1_264' title='bbox 650 2364 817 2408; x_wconf 80' lang='grc' dir='ltr'>προέσθαι</span> <span class='ocrx_word' id='word_1_265' title='bbox 837 2365 879 2397; x_wconf 69' lang='lat' dir='ltr'>A.</span> <span class='ocrx_word' id='word_1_266' title='bbox 990 2361 1004 2387; x_wconf 83' lang='lat' dir='ltr'>s</span> <span class='ocrx_word' id='word_1_267' title='bbox 1025 2364 1109 2407; x_wconf 87' lang='grc' dir='ltr'>μετὰ</span> <span class='ocrx_word' id='word_1_268' title='bbox 1127 2363 1291 2408; x_wconf 78' lang='grc' dir='ltr'>ῥαθυμίας</span> <span class='ocrx_word' id='word_1_269' title='bbox 1312 2364 1347 2396; x_wconf 76' lang='lat' dir='ltr'>S.</span> <span class='ocrx_word' id='word_1_270' title='bbox 1382 2365 1436 2397; x_wconf 84' lang='grc' dir='ltr'>διὰ</span> <span class='ocrx_word' id='word_1_271' title='bbox 1455 2363 1620 2409; x_wconf 83' lang='grc' dir='ltr'>ῥαθυμίαν</span> 
     </span>
     <span class='ocr_line' id='line_1_29' title="bbox 105 2413 1620 2461; baseline 0.003 -14"><span class='ocrx_word' id='word_1_272' title='bbox 105 2413 144 2447; x_wconf 83' lang='lat' dir='ltr'>F.</span> <span class='ocrx_word' id='word_1_273' title='bbox 175 2414 229 2447; x_wconf 86' lang='grc' dir='ltr'>διὰ</span> <span class='ocrx_word' id='word_1_274' title='bbox 247 2414 413 2459; x_wconf 83' lang='grc' dir='ltr'>ῥαθυμίαν</span> <span class='ocrx_word' id='word_1_275' title='bbox 431 2415 550 2461; x_wconf 77' lang='lat' dir='ltr'>vulgo.</span> <span class='ocrx_word' id='word_1_276' title='bbox 676 2421 696 2447; x_wconf 68' lang='grc' dir='ltr'>ἕῑ</span> <span class='ocrx_word' id='word_1_277' title='bbox 715 2417 776 2460; x_wconf 83' lang='grc' dir='ltr'>μὲν</span> <span class='ocrx_word' id='word_1_278' title='bbox 796 2418 894 2450; x_wconf 85' lang='grc' dir='ltr'>πόλει</span> <span class='ocrx_word' id='word_1_279' title='bbox 916 2416 952 2449; x_wconf 83' lang='lat' dir='ltr'>S.</span> <span class='ocrx_word' id='word_1_280' title='bbox 984 2417 1090 2450; x_wconf 75' lang='lat' dir='ltr'>ceteri</span> <span class='ocrx_word' id='word_1_281' title='bbox 1110 2418 1209 2450; x_wconf 80' lang='grc' dir='ltr'>πόλει</span> <span class='ocrx_word' id='word_1_282' title='bbox 1227 2417 1299 2460; x_wconf 82' lang='grc' dir='ltr'>μέν.</span> <span class='ocrx_word' id='word_1_283' title='bbox 1430 2414 1449 2441; x_wconf 79' lang='lat' dir='ltr'><strong>h</strong></span> <span class='ocrx_word' id='word_1_284' title='bbox 1470 2417 1620 2452; x_wconf 85' lang='grc' dir='ltr'>κίνδυνος</span> 
     </span>
     <span class='ocr_line' id='line_1_30' title="bbox 103 2466 1618 2515; baseline 0.002 -15"><span class='ocrx_word' id='word_1_285' title='bbox 103 2466 184 2500; x_wconf 83' lang='lat' dir='ltr'>A.S.</span> <span class='ocrx_word' id='word_1_286' title='bbox 227 2467 426 2512; x_wconf 82' lang='lat' dir='ltr'>Legebatur</span> <span class='ocrx_word' id='word_1_287' title='bbox 446 2466 664 2502; x_wconf 74' lang='grc' dir='ltr'>ἐπικίνδυνον.</span> <span class='ocrx_word' id='word_1_288' title='bbox 768 2466 777 2493; x_wconf 72' lang='lat' dir='ltr'>i</span> <span class='ocrx_word' id='word_1_289' title='bbox 797 2470 903 2502; x_wconf 80' lang='grc' dir='ltr'>πλέον</span> <span class='ocrx_word' id='word_1_290' title='bbox 926 2470 961 2503; x_wconf 84' lang='lat' dir='ltr'>S.</span> <span class='ocrx_word' id='word_1_291' title='bbox 994 2471 1113 2502; x_wconf 85' lang='grc' dir='ltr'>πλεῖον</span> <span class='ocrx_word' id='word_1_292' title='bbox 1133 2469 1348 2504; x_wconf 83' lang='lat' dir='ltr'>F.Y.O.u.v.</span> <span class='ocrx_word' id='word_1_293' title='bbox 1445 2466 1465 2493; x_wconf 74' lang='lat' dir='ltr'><strong>k</strong></span> <span class='ocrx_word' id='word_1_294' title='bbox 1486 2483 1618 2515; x_wconf 88' lang='grc' dir='ltr'>περιερ-</span> 
     </span>
     <span class='ocr_line' id='line_1_31' title="bbox 102 2519 1619 2567; baseline 0.002 -15"><span class='ocrx_word' id='word_1_295' title='bbox 102 2520 202 2564; x_wconf 83' lang='grc' dir='ltr'>γάσει</span> <span class='ocrx_word' id='word_1_296' title='bbox 222 2532 273 2564; x_wconf 88' lang='lat' dir='ltr'>pr.</span> <span class='ocrx_word' id='word_1_297' title='bbox 296 2520 332 2554; x_wconf 86' lang='lat' dir='ltr'>S.</span> <span class='ocrx_word' id='word_1_298' title='bbox 384 2521 606 2555; x_wconf 81' lang='lat' dir='ltr'>Scribebatur</span> <span class='ocrx_word' id='word_1_299' title='bbox 626 2522 847 2567; x_wconf 85' lang='grc' dir='ltr'>περιεργάσῃ.</span> <span class='ocrx_word' id='word_1_300' title='bbox 973 2519 984 2546; x_wconf 77' lang='lat' dir='ltr'>l</span> <span class='ocrx_word' id='word_1_301' title='bbox 1004 2521 1417 2567; x_wconf 74' lang='grc' dir='ltr'>ἐργάζει-περιεργάζει]</span> <span class='ocrx_word' id='word_1_302' title='bbox 1441 2522 1619 2566; x_wconf 77' lang='grc' dir='ltr'>ἐργάζῃ-</span> 
     </span>
     <span class='ocr_line' id='line_1_32' title="bbox 101 2573 1616 2620; baseline 0.002 -15"><span class='ocrx_word' id='word_1_303' title='bbox 101 2573 302 2617; x_wconf 80' lang='grc' dir='ltr'>περιεργάζῃ</span> <span class='ocrx_word' id='word_1_304' title='bbox 321 2573 413 2607; x_wconf 83' lang='lat' dir='ltr'>libri.</span> <span class='ocrx_word' id='word_1_305' title='bbox 525 2580 554 2597; x_wconf 89' lang='lat' dir='ltr'><strong>m</strong></span> <span class='ocrx_word' id='word_1_306' title='bbox 576 2588 632 2607; x_wconf 88' lang='grc' dir='ltr'>σοι</span> <span class='ocrx_word' id='word_1_307' title='bbox 651 2575 719 2608; x_wconf 84' lang='lat' dir='ltr'>hoc</span> <span class='ocrx_word' id='word_1_308' title='bbox 738 2575 815 2607; x_wconf 78' lang='lat' dir='ltr'>loco</span> <span class='ocrx_word' id='word_1_309' title='bbox 837 2575 873 2609; x_wconf 95' lang='lat' dir='ltr'>S.</span> <span class='ocrx_word' id='word_1_310' title='bbox 922 2574 1121 2620; x_wconf 82' lang='lat' dir='ltr'>Legebatur</span> <span class='ocrx_word' id='word_1_311' title='bbox 1140 2580 1220 2619; x_wconf 81' lang='lat' dir='ltr'><strong>post</strong></span> <span class='ocrx_word' id='word_1_312' title='bbox 1241 2574 1336 2618; x_wconf 77' lang='grc' dir='ltr'>δόξα.</span> <span class='ocrx_word' id='word_1_313' title='bbox 1449 2580 1468 2598; x_wconf 81' lang='lat'>¹1</span> <span class='ocrx_word' id='word_1_314' title='bbox 1488 2573 1527 2617; x_wconf 81' lang='grc' dir='ltr'>ἧν</span> <span class='ocrx_word' id='word_1_315' title='bbox 1547 2587 1616 2608; x_wconf 85' lang='lat'>0111.</span> 
     </span>
     <span class='ocr_line' id='line_1_33' title="bbox 103 2623 1615 2672; baseline 0.001 -14"><span class='ocrx_word' id='word_1_316' title='bbox 103 2623 222 2659; x_wconf 74' lang='lat' dir='ltr'>O.u.v.</span> <span class='ocrx_word' id='word_1_317' title='bbox 333 2631 351 2650; x_wconf 91' lang='lat'>0</span> <span class='ocrx_word' id='word_1_318' title='bbox 371 2625 400 2659; x_wconf 87' lang='grc' dir='ltr'>δ’</span> <span class='ocrx_word' id='word_1_319' title='bbox 418 2638 488 2659; x_wconf 91' lang='lat' dir='ltr'>om.</span> <span class='ocrx_word' id='word_1_320' title='bbox 507 2626 551 2659; x_wconf 89' lang='lat' dir='ltr'>O.</span> <span class='ocrx_word' id='word_1_321' title='bbox 667 2633 684 2659; x_wconf 76' lang='grc' dir='ltr'>Ι)</span> <span class='ocrx_word' id='word_1_322' title='bbox 704 2628 754 2661; x_wconf 80' lang='grc' dir='ltr'>δὶς</span> <span class='ocrx_word' id='word_1_323' title='bbox 774 2628 809 2660; x_wconf 87' lang='lat' dir='ltr'>in</span> <span class='ocrx_word' id='word_1_324' title='bbox 829 2642 883 2672; x_wconf 81' lang='grc' dir='ltr'>γρ.</span> <span class='ocrx_word' id='word_1_325' title='bbox 906 2627 943 2660; x_wconf 90' lang='lat' dir='ltr'>S.</span> <span class='ocrx_word' id='word_1_326' title='bbox 965 2640 985 2660; x_wconf 85' lang='lat' dir='ltr'>a</span> <span class='ocrx_word' id='word_1_327' title='bbox 1005 2639 1050 2660; x_wconf 89' lang='lat' dir='ltr'>m.</span> <span class='ocrx_word' id='word_1_328' title='bbox 1072 2633 1195 2672; x_wconf 82' lang='lat' dir='ltr'>quarta</span> <span class='ocrx_word' id='word_1_329' title='bbox 1319 2632 1336 2659; x_wconf 80' lang='lat' dir='ltr'>‘l</span> <span class='ocrx_word' id='word_1_330' title='bbox 1358 2627 1423 2659; x_wconf 82' lang='grc' dir='ltr'>ὑπὸ</span> <span class='ocrx_word' id='word_1_331' title='bbox 1443 2630 1510 2660; x_wconf 79' lang='grc' dir='ltr'>τῶν</span> <span class='ocrx_word' id='word_1_332' title='bbox 1529 2641 1615 2672; x_wconf 87' lang='grc' dir='ltr'>προ-</span> 
     </span>
     <span class='ocr_line' id='line_1_34' title="bbox 101 2678 1615 2725; baseline 0.002 -15"><span class='ocrx_word' id='word_1_333' title='bbox 101 2678 209 2722; x_wconf 79' lang='grc' dir='ltr'>γόνων</span> <span class='ocrx_word' id='word_1_334' title='bbox 227 2678 263 2710; x_wconf 88' lang='lat' dir='ltr'>in</span> <span class='ocrx_word' id='word_1_335' title='bbox 282 2690 392 2724; x_wconf 84' lang='lat' dir='ltr'>marg.</span> <span class='ocrx_word' id='word_1_336' title='bbox 413 2679 519 2712; x_wconf 81' lang='lat' dir='ltr'>habet</span> <span class='ocrx_word' id='word_1_337' title='bbox 538 2680 579 2712; x_wconf 80' lang='lat' dir='ltr'>A.</span> <span class='ocrx_word' id='word_1_338' title='bbox 601 2679 636 2711; x_wconf 86' lang='lat' dir='ltr'>in</span> <span class='ocrx_word' id='word_1_339' title='bbox 657 2694 710 2724; x_wconf 79' lang='grc' dir='ltr'>γρ.</span> <span class='ocrx_word' id='word_1_340' title='bbox 736 2680 770 2713; x_wconf 83' lang='lat' dir='ltr'>S.</span> <span class='ocrx_word' id='word_1_341' title='bbox 791 2692 811 2713; x_wconf 88' lang='lat' dir='ltr'>a</span> <span class='ocrx_word' id='word_1_342' title='bbox 831 2693 876 2713; x_wconf 85' lang='lat'>111.</span> <span class='ocrx_word' id='word_1_343' title='bbox 898 2686 1032 2725; x_wconf 85' lang='lat' dir='ltr'>quarta.</span> <span class='ocrx_word' id='word_1_344' title='bbox 1150 2685 1165 2702; x_wconf 64' lang='grc' dir='ltr'>Γ</span> <span class='ocrx_word' id='word_1_345' title='bbox 1186 2679 1419 2724; x_wconf 80' lang='grc' dir='ltr'>σεσωσμένοι]</span> <span class='ocrx_word' id='word_1_346' title='bbox 1446 2679 1538 2722; x_wconf 84' lang='grc' dir='ltr'>ἡμῶν</span> <span class='ocrx_word' id='word_1_347' title='bbox 1558 2693 1615 2713; x_wconf 88' lang='grc' dir='ltr'>σε-</span> 
     </span>
     <span class='ocr_line' id='line_1_35' title="bbox 101 2729 1612 2777; baseline 0.003 -15"><span class='ocrx_word' id='word_1_348' title='bbox 101 2729 273 2774; x_wconf 81' lang='grc' dir='ltr'>σωσμένοι</span> <span class='ocrx_word' id='word_1_349' title='bbox 294 2731 505 2765; x_wconf 82' lang='lat' dir='ltr'>F.Y.O.u.v.</span> <span class='ocrx_word' id='word_1_350' title='bbox 671 2737 685 2755; x_wconf 77' lang='lat' dir='ltr'>s</span> <span class='ocrx_word' id='word_1_351' title='bbox 712 2732 802 2765; x_wconf 79' lang='grc' dir='ltr'>ἀλλὰ</span> <span class='ocrx_word' id='word_1_352' title='bbox 824 2733 890 2777; x_wconf 78' lang='grc' dir='ltr'>γὰρ</span> <span class='ocrx_word' id='word_1_353' title='bbox 910 2744 980 2766; x_wconf 90' lang='lat' dir='ltr'>om.</span> <span class='ocrx_word' id='word_1_354' title='bbox 1003 2745 1054 2777; x_wconf 88' lang='lat' dir='ltr'>pr.</span> <span class='ocrx_word' id='word_1_355' title='bbox 1079 2732 1112 2765; x_wconf 87' lang='lat' dir='ltr'>S.</span> <span class='ocrx_word' id='word_1_356' title='bbox 1167 2732 1311 2765; x_wconf 84' lang='lat' dir='ltr'>Addidit</span> <span class='ocrx_word' id='word_1_357' title='bbox 1331 2744 1456 2765; x_wconf 84' lang='lat' dir='ltr'>manus</span> <span class='ocrx_word' id='word_1_358' title='bbox 1477 2738 1612 2777; x_wconf 85' lang='lat' dir='ltr'>quarta.</span> 
     </span>
     <span class='ocr_line' id='line_1_36' title="bbox 100 2779 1615 2830; baseline 0.002 -15"><span class='ocrx_word' id='word_1_359' title='bbox 100 2779 116 2806; x_wconf 68' lang='lat' dir='ltr'><strong>t</strong></span> <span class='ocrx_word' id='word_1_360' title='bbox 134 2782 255 2818; x_wconf 83' lang='grc' dir='ltr'>αὑτοὺς</span> <span class='ocrx_word' id='word_1_361' title='bbox 276 2784 311 2817; x_wconf 84' lang='lat' dir='ltr'>S.</span> <span class='ocrx_word' id='word_1_362' title='bbox 341 2784 479 2819; x_wconf 81' lang='grc' dir='ltr'>ἑαυτοὺς</span> <span class='ocrx_word' id='word_1_363' title='bbox 496 2785 614 2830; x_wconf 79' lang='lat' dir='ltr'>vulgo.</span> <span class='ocrx_word' id='word_1_364' title='bbox 711 2790 733 2808; x_wconf 79' lang='lat'>¹¹</span> <span class='ocrx_word' id='word_1_365' title='bbox 752 2785 793 2818; x_wconf 87' lang='grc' dir='ltr'>τὰ</span> <span class='ocrx_word' id='word_1_366' title='bbox 814 2797 883 2818; x_wconf 89' lang='lat' dir='ltr'>om.</span> <span class='ocrx_word' id='word_1_367' title='bbox 907 2784 952 2819; x_wconf 89' lang='lat' dir='ltr'>O.</span> <span class='ocrx_word' id='word_1_368' title='bbox 1055 2790 1074 2808; x_wconf 70' lang='grc' dir='ltr'><strong>Χ</strong></span> <span class='ocrx_word' id='word_1_369' title='bbox 1096 2785 1178 2818; x_wconf 86' lang='grc' dir='ltr'>κατὰ</span> <span class='ocrx_word' id='word_1_370' title='bbox 1198 2785 1258 2827; x_wconf 93' lang='grc' dir='ltr'>τὴν</span> <span class='ocrx_word' id='word_1_371' title='bbox 1277 2784 1395 2829; x_wconf 85' lang='grc' dir='ltr'>πόλιν]</span> <span class='ocrx_word' id='word_1_372' title='bbox 1419 2787 1489 2819; x_wconf 83' lang='grc' dir='ltr'>κατ’</span> <span class='ocrx_word' id='word_1_373' title='bbox 1511 2785 1615 2829; x_wconf 82' lang='grc' dir='ltr'>αὐτὴν</span> 
     </span>
    </p>
   </div>
   <div class='ocr_carea' id='block_1_3' title="bbox 99 2834 1615 2935">
    <p class='ocr_par' dir='ltr' id='par_1_7' title="bbox 99 2834 1615 2935">
     <span class='ocr_line' id='line_1_37' title="bbox 102 2834 1615 2882; baseline 0.004 -14"><span class='ocrx_word' id='word_1_374' title='bbox 102 2834 138 2868; x_wconf 88' lang='lat' dir='ltr'>S.</span> <span class='ocrx_word' id='word_1_375' title='bbox 157 2835 266 2870; x_wconf 85' lang='lat' dir='ltr'><strong>literis</strong></span> <span class='ocrx_word' id='word_1_376' title='bbox 285 2850 366 2879; x_wconf 88' lang='grc' dir='ltr'>υτην</span> <span class='ocrx_word' id='word_1_377' title='bbox 385 2837 421 2870; x_wconf 90' lang='lat' dir='ltr'>in</span> <span class='ocrx_word' id='word_1_378' title='bbox 440 2849 562 2871; x_wconf 80' lang='lat' dir='ltr'><strong>rasura</strong></span> <span class='ocrx_word' id='word_1_379' title='bbox 582 2838 719 2882; x_wconf 86' lang='lat' dir='ltr'>scriptis</span> <span class='ocrx_word' id='word_1_380' title='bbox 739 2850 759 2871; x_wconf 87' lang='lat' dir='ltr'><strong>a</strong></span> <span class='ocrx_word' id='word_1_381' title='bbox 779 2849 823 2871; x_wconf 85' lang='lat' dir='ltr'>m.</span> <span class='ocrx_word' id='word_1_382' title='bbox 846 2838 1002 2882; x_wconf 86' lang='lat' dir='ltr'>antiqua.</span> <span class='ocrx_word' id='word_1_383' title='bbox 1127 2843 1145 2870; x_wconf 72' lang='lat' dir='ltr'><strong>Y</strong></span> <span class='ocrx_word' id='word_1_384' title='bbox 1165 2837 1304 2880; x_wconf 81' lang='grc' dir='ltr'>ἥκοντας</span> <span class='ocrx_word' id='word_1_385' title='bbox 1322 2837 1405 2871; x_wconf 86' lang='lat' dir='ltr'>A.S.</span> <span class='ocrx_word' id='word_1_386' title='bbox 1434 2840 1615 2881; x_wconf 83' lang='grc' dir='ltr'>προϊόντας</span> 
     </span>
     <span class='ocr_line' id='line_1_38' title="bbox 99 2887 1505 2935; baseline 0.003 -15"><span class='ocrx_word' id='word_1_387' title='bbox 99 2887 216 2932; x_wconf 84' lang='lat' dir='ltr'>vulgo.</span> <span class='ocrx_word' id='word_1_388' title='bbox 317 2895 336 2913; x_wconf 81' lang='grc' dir='ltr'><strong><em>Ζ</em></strong></span> <span class='ocrx_word' id='word_1_389' title='bbox 355 2889 590 2935; x_wconf 84' lang='grc' dir='ltr'>προειστήκει]</span> <span class='ocrx_word' id='word_1_390' title='bbox 614 2889 854 2935; x_wconf 83' lang='grc' dir='ltr'>προσειστήκει</span> <span class='ocrx_word' id='word_1_391' title='bbox 874 2903 925 2935; x_wconf 89' lang='lat' dir='ltr'>pr.</span> <span class='ocrx_word' id='word_1_392' title='bbox 949 2890 985 2924; x_wconf 91' lang='lat' dir='ltr'>S.</span> <span class='ocrx_word' id='word_1_393' title='bbox 1098 2895 1117 2914; x_wconf 70' lang='lat' dir='ltr'>a</span> <span class='ocrx_word' id='word_1_394' title='bbox 1134 2889 1310 2933; x_wconf 79' lang='grc' dir='ltr'>Ἑλλήνων</span> <span class='ocrx_word' id='word_1_395' title='bbox 1328 2902 1399 2924; x_wconf 91' lang='lat' dir='ltr'>om.</span> <span class='ocrx_word' id='word_1_396' title='bbox 1422 2891 1505 2925; x_wconf 55' lang='grc' dir='ltr'>ΑΒ.</span> 
     </span>
    </p>
   </div>
   <div class='ocr_carea' id='block_1_4' title="bbox 156 2962 911 2990">
    <p class='ocr_par' dir='ltr' id='par_1_8' title="bbox 156 2962 911 2990">
     <span class='ocr_line' id='line_1_39' title="bbox 156 2962 911 2990; baseline 0.001 -2"><span class='ocrx_word' id='word_1_397' title='bbox 156 2962 240 2988; x_wconf 81' lang='lat' dir='ltr'>VOL</span> <span class='ocrx_word' id='word_1_398' title='bbox 249 2980 256 2987; x_wconf 94' lang='lat'>.</span> <span class='ocrx_word' id='word_1_399' title='bbox 280 2963 310 2990; x_wconf 91' lang='lat'>1.</span> <span class='ocrx_word' id='word_1_400' title='bbox 883 2965 911 2989; x_wconf 78' lang='lat' dir='ltr'><strong>Y</strong></span> 
     </span>
    </p>
   </div>
   <div class='ocr_carea' id='block_1_5' title="bbox 0 2710 16 3250">
    <p class='ocr_par' dir='ltr' id='par_1_9' title="bbox 0 2710 16 3250">
     <span class='ocr_line' id='line_1_40' title="bbox 0 2710 16 3250; baseline 0 0"><span class='ocrx_word' id='word_1_401' title='bbox 0 2710 16 3250; x_wconf 95' lang='lat' dir='ltr'> </span> 
     </span>
    </p>
   </div>
  </div>
 </body>
</html>
