1930 3266
258 186 344 226 242
803 190 1230 229 ΔΗΜΟΣΘΕΝΟΥΣ
1323 189 1406 228 On.
1427 187 1612 227 xvm.
1632 201 1673 241 p.
1691 198 1787 240 230,
1806 161 1911 230 υς

261 299 354 368 ὅτῳ
405 299 548 351 κακόν
597 323 642 351 τι
687 300 905 363 δώσομεν
957 300 1126 367 ζητεῖν·
1169 299 1412 367 ὑπερβολὴ
1457 298 1550 366 γὰρ
1600 299 1779 352 ἀδικίας

260 381 399 435 τοῦτό
425 406 493 449 γε.
1922 393 1930 465 1

195 495 249 524 20
337 466 507 519 Πάντα
544 466 629 530 μὲν
670 468 850 517 Ζτοίνυν
884 466 944 516 τὰ
982 466 1341 532 κατηγορημένα
1378 467 1546 530 ὁμοίως
1580 468 1630 516 ἐκ
1663 464 1773 516 τού-
1928 474 1930 481 “

259 573 354 601 των
379 551 437 601 ἄν
462 573 530 604 τις
563 550 650 601 ἰ’δοι
684 551 788 600 οὔτε
827 551 1046 603 ἓιδικαίως
1084 550 1177 600 οὔτ’
1205 551 1272 601 ἐπ’
1303 551 1523 615 ἀληθείας
1563 550 1776 613 οὐδεμιᾶς
1791 575 1832 598 20

259 635 490 700 εἰρημένα·
533 634 769 697 βούλομαι
805 632 853 683 δὲ
886 635 962 684 καὶ
987 634 1088 684 καθ’
1115 631 1193 684 bg„
1230 634 1458 684 ⁰3a<acrr0v
1484 635 1637 684 αὐτῶν
1670 635 1692 683 ε’
1726 656 1774 684 ε-

258 716 417 780 τάσαι,
444 720 518 768 καὶ
544 717 742 781 μάλισθ’
773 715 893 767 άὸσα
921 717 1035 783 ὑπὲρ
1061 720 1144 780 τῆς
1179 716 1360 783 εἰρήνης
1395 720 1470 768 καὶ
1500 721 1584 781 τῆς
1621 739 1773 782 πρεσ-

257 802 388 861 βείας
451 799 783 868 κατεψεύσατό
834 824 937 863 μου,
990 800 1050 852 τὰ
1099 801 1409 867 πεπραγμένα
1464 804 1612 870 ἑαυτῷ
1660 799 1778 864 μετὰ

259 883 582 950 Φιλοκράτους
613 885 844 937 ἀνατιθεὶς
876 886 990 948 ἐμοί.
1036 885 1139 935 ε”στι
1165 886 1202 934 δ’
1231 887 1499 951 ἀναγκαῖον,
1525 883 1587 935 ἐῶ
1613 885 1777 950 ἄνδρες

255 968 513 1032 Ἀθηναῖοι,
541 969 617 1018 καὶ
643 972 889 1033 προσῆκον
914 968 1044 1030 ἰ’σως,
1068 970 1130 1021 ὡς
1165 969 1263 1019 κατ’
1293 969 1489 1022 ἐκείνους
1524 967 1630 1021 τοὺς
1663 967 1773 1036 χρό-
1790 986 1827 1017 ²5

256 1073 363 1105 νους
401 1049 494 1118 εἶχε
533 1050 593 1101 τὰ
631 1051 889 1118 πράγματα
926 1054 1194 1115 ἀναμνῆσαι
1236 1050 1247 1074 s
1254 1053 1384 1116 ὑμᾶς,
1424 1053 1498 1103 ἵνα
1538 1051 1657 1118 πρὸς
1694 1050 1777 1102 τὸν

258 1134 534 1202 ὑπάρχοντα
559 1135 720 1201 καιρὸν
747 1136 926 1187 ἕκαστα
953 1139 1170 1202 θεωρῆτε.

191 1241 239 1270 21
332 1223 432 1270 Τοῦ
477 1218 571 1286 γὰρ
619 1223 834 1270 Φωκικοῦ
884 1218 1181 1272 ἕσυστάντος
1232 1220 1459 1282 πολέμου,
1505 1220 1559 1269 οὐ
1599 1220 1654 1270 δι’
1699 1218 1778 1282 ἐμὲ

260 1303 338 1372 (οὐ
376 1302 496 1369 11γάρ
535 1303 684 1368 ε”γωγε
724 1302 1061 1367 ἐπολιτευόμην
1109 1302 1209 1354 ἰπω
1250 1302 1427 1370 ιἱτότε),
1467 1307 1657 1369 πρῶτον
1693 1302 1778 1367 μὲν

257 1388 385 1450 ὑμεῖς
412 1387 532 1437 οὕτω
561 1387 800 1449 διέκεισθε,
828 1373 1174 1439 ὥστε-’Φωκέας
1199 1385 1284 1449 μὲν
1309 1384 1592 1447 1βούλεσθαι
1617 1390 1778 1451 σωθῆ-
1793 1404 1869 1445 231

256 1493 345 1532 ναι,
391 1471 557 1536 καίπερ
609 1472 662 1520 οὐ
705 1472 856 1521 δίκαια
907 1475 1157 1523 ποιοῦντας
1208 1471 1420 1535 ὁρῶντες,
1464 1471 1694 1534 Θηβαίοις
1738 1473 1776 1522 δ’

255 1555 409 1604 ὁτιοῦν
448 1552 506 1604 ἂν
543 1555 811 1621 ἐφησθῆναι
846 1558 1097 1615 παθοῦσιν,
1132 1555 1214 1604 οὐκ
1253 1552 1442 1619 ἀλόγως
1481 1557 1573 1605 οὐδ’
1609 1556 1779 1609 ἀδίκως

255 1638 410 1689 αὐτοῖς
449 1637 754 1703 ὀργιζόμενοι·
798 1636 866 1691 οἷς
904 1637 997 1703 γὰρ
1036 1636 1392 1703 ’Ὠεύτυχήκεσαν
1430 1640 1478 1688 ἐν
1510 1637 1777 1705 Λεύκτροις,

189 1739 239 1769 22
254 1721 308 1771 οὐ
333 1722 530 1787 μετρίως
567 1721 830 1788 ἐκέχρηντο·
871 1721 1010 1772 ἔπειθ’
1039 1721 1066 1784 ἡ
1100 1719 1473 1784 Πελοπόννησος
1496 1719 1666 1772 ἅπασα
1691 1725 1762 1772 δι·-
1788 1739 1805 1771 5

252 1803 468 1868 ειστήκει,
520 1806 596 1854 καὶ
646 1806 741 1855 οὔθ’
796 1808 837 1855 οἱ
888 1810 1136 1866 μισοῦντες
1181 1805 1572 1867 Λακεδαιμονίους
1624 1807 1771 1859 οὕτως
1925 1781 1930 1904 ἓ

251 1887 421 1955 ’ίσχυον
448 1887 573 1938 ὥστε
599 1890 781 1938 ἀνελεῖν
808 1887 987 1949 αὐτοὺς,
1015 1888 1110 1938 οὔθ’
1141 1890 1183 1937 οἱ
1215 1885 1444 1953 πρότερον
1478 1889 1532 1937 δι’
1561 1889 1775 1939 Πέκείνων
1925 1909 1930 1934 2

252 1971 477 2039 ἄρχοντες
516 1971 662 2038 κύριοι
701 1976 830 2022 Οτῶν
856 1971 1046 2023 πόλεων
1072 1970 1211 2035 ἦσαν,
1239 1970 1371 2021 ἀλλά
1396 1994 1465 2025 τις
1501 1970 1559 2035 ἧν
1590 1972 1776 2039 ἄκριτος

252 2057 327 2106 καὶ
365 2055 494 2122 παρὰ
531 2055 713 2109 τούτοις
753 2058 829 2106 καὶ
873 2054 1041 2119 Ρπαρόι
1079 2060 1174 2108 τοῖς
1221 2055 1388 2108 ἄλλοις
1431 2054 1648 2106 (ἷᾶπασιν
1681 2056 1774 2122 ἔρις

186 2163 235 2205 23
252 2141 327 2190 καὶ
378 2138 577 2206 ταραχή.
631 2144 779 2190 ταῦτα
830 2141 867 2189 δ’
920 2141 1042 2205 ὁρῶν
1087 2139 1112 2188 ὁ
1159 2138 1400 2191 Φίλιππος
1448 2138 1525 2207 (οὐ
1572 2137 1666 2205 γὰρ
1715 2138 1828 2204 ἧνιο

251 2225 432 2291 ἀφανῆ)
486 2227 582 2276 τοῖς
645 2224 753 2290 παρ’
808 2222 1025 2276 ἑκάστοις
1080 2220 1334 2287 προδόταις
1384 2220 1603 2288 χρήματα
1653 2224 1768 2273 ἀνα-

250 2307 434 2357 λίσκων
473 2305 653 2360 πάντας
695 2307 946 2373 συνέκρουε
991 2309 1067 2356 καὶ
1112 2304 1230 2371 πρὸς
1275 2304 1465 2358 Γαὺτοὺς
1505 2304 1769 2372 ἐτάραττεν·
1921 2283 1925 2368 ξ

251 2387 327 2440 εἶτ’
368 2391 416 2440 ἐν
455 2388 521 2442 οἷς
563 2389 831 2455 ἡμάρτανον
872 2397 886 2416 ⁸
907 2390 1051 2440 ἄλλοι
1096 2391 1172 2439 καὶ
1212 2393 1364 2442 κακῶς
1402 2387 1645 2457 ἐφρόνουν,
1684 2391 1768 2441 αὑ·
1920 2373 1925 2450 ,ἶ

306 2525 323 2544 Z
342 2518 472 2564 τοίνυν]
497 2517 556 2552 οὖν
576 2531 609 2564 q.
723 2524 741 2544 a
761 2518 911 2564 δικαίως]
937 2519 1064 2553 δικαίου
1085 2531 1119 2564 q.
1207 2514 1226 2542 b
1248 2516 1283 2551 ἓν
1302 2529 1372 2551 om.
1395 2517 1478 2552 A.k.
1570 2522 1586 2542 ⁰
1605 2517 1766 2565 ἕκαστον]

251 2570 365 2606 ἕκαστ’
388 2573 425 2607 S.
573 2573 591 2598 (¹
614 2571 697 2618 ὅσα]
723 2572 789 2606 ὅσα
808 2587 847 2618 γε
867 2572 949 2606 O.u.
1098 2577 1114 2596 e
1135 2567 1161 2605 ὦ
1180 2583 1248 2605 om.
1271 2571 1316 2609 Q.
1459 2567 1475 2594 s
1492 2569 1594 2616 ὑμᾶς]
1618 2570 1703 2615 ἡμᾶς
1723 2572 1768 2607 Ο.
1918 2568 1923 2607 ς’

250 2637 321 2660 om.
341 2625 377 2660 S.
499 2630 516 2653 g
535 2627 731 2661 συστάντος
745 2626 914 2671 πολέμου]
937 2626 1090 2669 πολέμου
1111 2625 1304 2659 συστάντος
1323 2624 1436 2658 A.k.s.
1560 2620 1580 2648 h
1599 2625 1665 2670 γὰρ
1684 2626 1767 2661 A.S.

249 2679 317 2713 k.s.
349 2679 550 2724 Legebatur
569 2680 634 2724 γὰρ
655 2678 707 2723 δή.
839 2677 848 2703 i
867 2694 920 2713 πω
943 2691 1013 2713 om.
1035 2691 1070 2724 p.
1195 2675 1216 2702 k
1235 2677 1331 2723 τότε]
1354 2691 1436 2710 ποτε
1457 2676 1584 2716 F.Q.0.
1606 2684 1640 2712 et
1659 2691 1712 2724 pr.
1733 2692 1767 2714 u.

248 2737 285 2766 et
303 2747 360 2778 γρ.
385 2732 421 2766 S.
534 2730 544 2757 Ῑ
562 2731 770 2778 βούλεσθαι]
795 2732 987 2771 ἐβούλεσθε
1007 2732 1050 2766 Y.
1166 2738 1196 2756 m
1217 2729 1464 2776 εὐτυχήκεσαν]
1488 2730 1714 2776 εὐτυχήκασιν
1733 2745 1767 2779 q.
1924 2734 1928 2774 ἰ

250 2791 269 2809 1¹
291 2784 440 2831 ἐκείνων]
464 2785 590 2820 ἐκεῖνον
608 2799 679 2820 u.V.
793 2791 810 2810 0
831 2789 898 2820 τῶν
917 2785 1068 2831 πόλεων]
1092 2787 1151 2828 τῆς
1170 2787 1303 2820 πόλεως
1323 2796 1351 2818 r.
1375 2790 1409 2818 et
1428 2798 1483 2829 γρ.
1504 2795 1537 2819 Ο.
1641 2793 1661 2823 P
1680 2787 1771 2832 παρὰ

250 2850 320 2872 om.
343 2839 710 2885 F.Y.Q.O.o.p.r.u.v.
733 2852 837 2885 supra
856 2852 994 2874 versum
1014 2839 1114 2885 ponit
1134 2844 1160 2873 t.
1266 2846 1284 2874 (1
1305 2836 1451 2883 ἅπασιν]
1476 2836 1604 2873 ἅπασιν
1623 2838 1773 2883 ἕλλησιν
1915 2845 1927 2898 4}

250 2891 475 2938 O.k.p.q.r.s.
497 2899 531 2927 et
550 2907 605 2939 γρ.
629 2893 718 2932 RQ.
749 2892 896 2935 ἔλλησιν
916 2905 936 2926 a
955 2905 1002 2926 m.
1026 2893 1179 2926 secunda
1199 2893 1369 2926 insertum
1388 2890 1424 2925 in
1446 2891 1482 2925 S.
1592 2899 1607 2919 ¹·
1626 2891 1766 2939 αὐτοὺς]

249 2944 420 2988 ἀλλήλους
445 2947 555 2980 A.k.s.
669 2952 684 2970 S
704 2948 805 2980 ἄλλοι
827 2947 863 2981 S.
897 2947 1096 2991 Legebatur
1117 2947 1148 2979 οἱ
1166 2947 1281 2981 ἄλλοι.
