1930 3266
297 197 382 241 298
834 201 1262 241 ΔΗΜΟΣΘΕΝΟΎΣ
1355 200 1436 240 ΟΒ.
1457 199 1640 241 XVIII.
1666 213 1708 254 p.
1729 199 1825 249 284,
1842 212 1928 238 16-

297 312 373 360 καῖ
410 316 509 364 ταῖς
551 312 877 377 ἀποκρίσεσιν,
922 312 1032 376 ἧκεν
1077 313 1198 379 ἔχων
1242 313 1328 376 τὴν
1371 312 1567 375 δύναμιν
1610 315 1685 363 καὶ
1725 311 1812 376 τὴν

299 392 550 444 Ἐλάτειαν
576 394 851 457 κατέλαβεν,
879 397 940 448 ὡς
976 396 1069 445 οὐδ’
1100 394 1157 444 ἂν
1192 395 1234 445 εἰ’
1262 418 1307 446 τι
1339 397 1519 461 γε’νοιτο
1557 396 1623 446 ἔτι
1661 393 1806 458 fovu-

296 477 603 529 πνευσάντων
639 477 724 528 ἕᾶν
759 479 891 541 ἡμῶν
928 480 1002 528 καὶ
1039 483 1134 528 τῶν
1161 480 1404 542 Θηβαίων.
1448 478 1577 529 ἀλλὰ
1610 477 1703 542 μὴν
1728 477 1811 528 τὸν

714 559 792 610 ῙᾸέν
826 565 884 628 τῇ
921 560 1060 611 πόλει
1100 561 1305 627 θόρυβον
1340 562 1443 613 ἰ’στε
1477 561 1562 625 μὲν
1591 560 1807 614 ἅπαντες”

295 560 399 611 τότε
426 559 681 624 συμβάντα

295 644 439 710 μικρὰ
466 645 502 694 δ’
532 643 766 694 ἀκούσατε
793 643 931 707 ὅμως,
958 643 1096 695 ἰαύτὰ
1121 645 1512 710 τάναγκαιότατα.
1825 663 1865 685 ²0

201 732 282 775 218
370 727 587 793 ‘Eo-we'pa
624 726 709 787 μὲν
750 727 867 794 ιςγαρ
903 727 973 791 ἧν,
1011 728 1091 792 ἧκε
1127 730 1164 779 δ’
1194 727 1464 794 1οἰγγέλλων
1499 752 1568 783 τις
1610 731 1672 782 ὡς
1706 728 1814 782 τοὺς

295 810 541 877 πρυτάνεις
592 813 654 864 ὡς
703 809 928 861 Ἐλάτεια
982 812 1304 875 κατείληπται.
1373 815 1449 862 καὶ
1498 812 1615 875 μετὰ
1666 817 1814 862 ταῦτα

296 898 338 944 οἱ
363 894 448 957 μὲν
474 893 607 947 εὐθὺς
641 893 984 962 ἐξαναστάντες
1009 894 1188 962 μεταξὺ
1223 897 1513 947 δειπνοῦντες
1551 894 1659 948 τούς
1696 896 1734 944 τ’
1764 895 1814 945 ἐκ

295 982 390 1028 τῶν
416 982 607 1042 σκηνῶν
633 982 727 1028 τῶν
761 977 880 1028 κατὰ
905 977 990 1041 τὴν
1017 977 1197 1044 ἀγορὰν
1230 978 1440 1046 ἐξεῖργον
1476 980 1551 1029 καὶ
1584 977 1643 1028 τὰ
1669 978 1815 1044 γε’ρρα
1829 1004 1867 1036 25

296 1063 667 1128 ἐνεπίμπρασαν,
696 1066 736 1112 οἱ
772 1061 821 1112 δὲ
847 1062 954 1116 τοὺς
980 1061 1278 1128 στρατηγοὺς
1316 1061 1703 1126 ῙΓΔμετεπέμποντο
1742 1064 1817 1112 καὶ

297 1144 380 1196 τὸν
406 1144 710 1209 11σαλπικτὴν
735 1144 950 1196 ἐκάλουν·
995 1147 1069 1196 καὶ
1103 1144 1310 1211 θορύβου
1347 1145 1535 1211 πλήρης
1571 1143 1628 1208 ἧν
1663 1145 1690 1208 ἡ
1723 1143 1813 1196 πό-

205 1245 286 1288 219
299 1236 389 1284 λις.
432 1234 490 1296 τῇ
518 1230 556 1279 δ’
587 1230 812 1297 ὑστεραίᾳ
846 1228 944 1293 ἅμα
982 1233 1040 1296 τῇ
1080 1229 1228 1298 ἡμέρᾳ
1263 1232 1303 1279 οἱ
1338 1228 1423 1292 μὲν
1448 1227 1696 1294 πρυτάνεις
1733 1228 1819 1293 τὴν

298 1312 482 1377 βουλὴν
508 1311 707 1364 ἐκάλουν
734 1317 795 1366 εἷς
833 1312 887 1363 τὸ
912 1313 1264 1381 βουλευτήριον,
1294 1315 1419 1377 ὑμεῖς
1454 1316 1490 1364 δ’
1521 1317 1585 1366 εἷς
1622 1312 1708 1377 τὴν
1737 1315 1814 1364 ε’κ-

300 1399 507 1461 κλησίαν
533 1397 825 1464 ἐπορεύεσθε,
848 1399 923 1449 καὶ
950 1399 1062 1464 πρὶν
1087 1399 1264 1460 ἐκείνην
1283 1398 1575 1464 χρηματίσαι
1602 1399 1678 1447 καὶ
1702 1420 1819 1462 προ-
1834 1398 1930 1467 285}

299 1487 562 1543 βουλεῦσαι
599 1486 692 1534 πᾶς
737 1483 761 1532 ὁ
802 1484 948 1545 δῆμος
989 1481 1085 1531 ἄνω
1130 1484 1351 1544 Οκαθῆτο.
1395 1482 1470 1531 καὶ
1511 1480 1630 1542 μετὰ
1673 1486 1821 1531 ταῦτα

301 1568 363 1619 ὡς
401 1568 652 1629 Ρεῖσῆλθεν
692 1566 720 1629 ἡ
759 1564 913 1629 βουλὴ
949 1567 1023 1615 καὶ
1055 1564 1353 1629 ἀπήγγειλαν
1393 1568 1435 1614 οἱ
1469 1562 1716 1630 πρυτάνεις
1759 1562 1820 1614 τὰ

301 1648 707 1716 προσηγγελμένα
740 1650 944 1702 (Ᾰὲαυτοῖς
984 1651 1058 1699 καὶ
1089 1647 1173 1698 τὸν
1208 1648 1381 1711 ἥκοντα
1417 1647 1701 1713 παρήγαγον
1728 1649 1814 1698 κά-
1833 1668 1850 1699 5

208 1759 290 1790 220
303 1738 449 1786 κεῖνος
475 1730 612 1795 εἶπεν,
634 1733 793 1798 ἠρώτα
818 1731 902 1796 μὲν
929 1734 954 1782 ὁ
981 1732 1134 1800 κῆρυξ
1150 1732 1254 1784 “τίς
1280 1731 1516 1797 ἀγορεύειν
1536 1731 1761 1793 βούλεται
1779 1732 1818 1792 ;”

302 1815 471 1884 παρῄει
513 1819 553 1866 δ’
590 1817 751 1870 οὐδείς.
797 1815 1061 1869 Γπολλάκις
1106 1814 1155 1866 δὲ
1200 1821 1282 1866 τοῦ
1322 1815 1519 1881 κήρυκος
1558 1817 1822 1881 ἐρωτῶντος

304 1900 436 1951 οὐδὲν
460 1905 652 1963 μᾶλλον
678 1901 892 1951 ἀνίστατ’
921 1901 1080 1961 οὐδεὶς,
1108 1897 1331 1950 ἁπάντων
1367 1898 1452 1962 μὲν
1487 1903 1581 1949 τῶν
1606 1921 1817 1965 στρατη-

304 1989 403 2050 γῶν
429 1991 443 2010 S
460 1983 722 2050 παρόντων,
748 1986 762 2010 t
778 1983 1000 2034 ἁπάντων
1025 1990 1045 2009 “
1065 1982 1114 2032 δὲ
1140 1987 1234 2034 τῶν
1253 1982 1480 2049 ῥητόρων,
1506 1983 1748 2048 καλούσης
1773 1982 1824 2034 δὲ

304 2076 324 2094 X
340 2071 423 2132 τῆς
448 2068 672 2133 πατρίδος
697 2072 756 2134 τῇ
783 2071 913 2134 κοινῇ
940 2071 1075 2136 φωνῇ
1107 2065 1190 2117 τὸν
1216 2069 1394 2132 ἐροῦνθ’
1425 2065 1539 2132 ὑπὲρ
1566 2068 1818 2132 σωτηρίας·
1839 2090 1876 2112 10

305 2151 386 2217 Υῆν
412 2152 506 2218 γὰρ
534 2153 558 2202 ὁ
590 2152 744 2220 κῆρυξ
774 2151 893 2202 κατὰ
919 2150 1025 2205 τοὺς
1052 2151 1220 2214 νόμους
1247 2148 1410 2218 φωνὴν
1437 2151 1622 2217 ἀφίησι,
1649 2151 1824 2215 ταύτην

212 2261 291 2292 221
307 2236 464 2301 κοινὴν
503 2239 585 2300 τῆς
624 2237 847 2302 πατρίδος
893 2234 1069 2286 δίκαιόν
1114 2237 1278 2286 Ζἐστιν
1317 2235 1552 2299 ἡγεῖσθαι.
1595 2235 1742 2286 καίτοι
1787 2240 1825 2287 εἶ

361 2370 376 2396 f
394 2372 685 2416 συμπνευσάντων
705 2372 891 2406 Dobraeus.
924 2372 1125 2417 Legebatur
1145 2372 1449 2415 συμπνευσόντων.
1572 2376 1593 2404 g
1611 2369 1651 2404 ἂν
1671 2370 1763 2415 ἡμῶν
1782 2372 1824 2405 A.

1532 2433 1551 2457 77

310 2470 419 2503 S.k.s.
461 2468 553 2512 ἡμῶν
581 2466 620 2501 ἂν
649 2468 796 2513 Dionys.
819 2467 901 2501 Hal.
922 2468 991 2501 vol.
1016 2465 1051 2501 6.
1082 2480 1116 2512 p.
1142 2475 1228 2513 743,
1250 2465 1286 2501 6.
1329 2466 1421 2511 ἡμῶν
1446 2467 1491 2506 Q.
1534 2467 1627 2510 ὑμῶν
1655 2467 1693 2501 F.
1734 2467 1827 2511 ὑμῶν

308 2523 427 2568 vulgo.
568 2518 588 2545 h
609 2522 643 2554 ἐν
661 2533 732 2555 om.
755 2522 897 2555 A.k.r.s.
1049 2517 1059 2544 ἰ
1077 2521 1162 2554 αὐτὰ
1182 2522 1223 2553 τὰ
1244 2532 1315 2554 om.
1337 2532 1389 2565 pr.
1413 2520 1447 2554 S.
1574 2517 1594 2544 k
1613 2521 1680 2567 γὰρ
1699 2533 1768 2555 om.
1790 2521 1824 2555 k.

307 2573 316 2602 Ῑ
339 2574 536 2622 ἀγγέλλων]
561 2574 717 2620 ἀγγέλων
738 2574 813 2609 O.S.
936 2580 965 2598 Π]
986 2573 1259 2618 μετεπέμποντο]
1285 2574 1538 2616 κατεπέμποντο
1557 2579 1584 2608 t.
1697 2579 1717 2598 Π
1737 2576 1824 2608 σαλ-

306 2629 427 2673 πικτὴν
447 2628 627 2666 F.S.Y.Q.
671 2628 872 2673 Legebatur
892 2626 1119 2673 σαλπιγκτήν.
1250 2632 1268 2651 0
1289 2627 1430 2672 καθῆτο]
1455 2627 1578 2670 κιὶθητο
1599 2626 1644 2662 Ο.
1676 2628 1826 2670 καθῆστο

307 2683 488 2728 A.k.p.r.s.
646 2687 661 2709 Ρ
682 2680 859 2726 εἰσῆλθεν]
884 2679 987 2723 ἦλθεν
1006 2681 1208 2719 A.S.Q.k.s.
1366 2687 1385 2712 (i
1409 2681 1556 2726 ἑαυτοῖς]
1582 2681 1694 2716 αὐτοῖς
1713 2681 1825 2715 A.k.r.

309 2741 324 2760 Γ
342 2736 526 2781 πολλάκις]
550 2735 699 2770 πολλάκι
718 2735 760 2768 Y.
831 2738 844 2758 S
866 2735 957 2768 Ante
976 2736 1151 2779 παρόντων
1170 2740 1242 2767 tres
1260 2734 1369 2768 literae
1390 2734 1514 2768 deletae
1530 2735 1564 2767 in
1587 2733 1621 2767 S.
1691 2737 1701 2756 ¹
1721 2733 1826 2768 ἁπάν-

309 2803 376 2822 των
395 2801 465 2824 om.
487 2801 539 2834 pr.
564 2790 601 2824 S.
751 2795 771 2813 1¹
792 2788 828 2822 δέ
849 2788 932 2833 τῶν]
958 2788 993 2822 δέ
1014 2790 1067 2822 καὶ
1086 2790 1153 2821 τῶν
1173 2800 1207 2832 p.
1240 2787 1276 2820 δέ
1297 2788 1342 2822 Ο.
1488 2792 1507 2811 Χ
1526 2789 1585 2831 τῆς
1604 2787 1768 2833 πατρίδος
1786 2789 1827 2830 τῇ

309 2844 400 2884 κοινῇ
421 2844 518 2886 φωνῇ
538 2856 592 2887 γρ.
617 2841 700 2880 S.Q.
741 2843 801 2885 τῆς
826 2842 936 2884 κοινῆς
960 2841 1121 2887 πατρίδος
1150 2841 1263 2885 φωνῆς
1293 2841 1364 2886 S.p.
1408 2843 1447 2882 τῇ
1470 2842 1561 2883 κοινῇ
1583 2842 1642 2883 τῆς
1667 2840 1829 2886 πατρίδος

310 2896 408 2939 φωνῇ
427 2896 542 2929 A.k.s.
573 2896 632 2938 τῆς
650 2896 761 2938 κοινῆς
780 2896 838 2938 τῆς
857 2895 1018 2939 πατρίδος
1039 2895 1154 2940 φωνῆς
1172 2894 1291 2939 vulgo.
1436 2900 1454 2926 y
1474 2892 1513 2937 ἣν
1527 2892 1824 2938 γὰρ-ἡγεῖσθαι]

312 2948 399 2981 Haec
419 2949 533 2988 verba,
555 2960 705 2993 quorum
727 2947 901 2983 sententia
922 2960 991 2981 uon
1012 2949 1162 2982 multum
1180 2948 1277 2980 abest
1296 2947 1339 2980 ab
1360 2947 1517 2987 ridiculo,
1534 2947 1627 2980 delet
1643 2947 1826 2980 Dobraeus.

312 3007 328 3026 Ζ
350 3001 445 3034 ἐστιν
464 3013 532 3034 om.
558 3001 747 3036 l‹‘.O.t.u.v.
