1903 3271
237 152 320 190 450
780 156 1209 194 ΔΗΜΟΣΘΕΝΟΎΣ
1357 155 1441 194 OR.
1460 154 1603 194 XIX.
1624 169 1665 210 p.
1684 155 1785 207 426,
1803 172 1820 196 2

237 268 359 315 θεῖσι
391 264 567 332 ξύλοις,
595 266 898 332 Εὐθυκράτης
934 266 981 317 δὲ
1017 272 1131 327 βοῦς
1169 267 1333 335 ἔτρεφε
1369 267 1584 322 )’πολλᾶς
1617 268 1756 333 τιμὴν

236 349 385 398 οὐδενὶ
412 348 560 411 Ζδοῦς,
587 350 740 415 ἕτερος
776 350 830 399 δέ
862 372 929 403 τις
966 350 1074 414 ἧκεν
1111 351 1232 417 ε”χων
1266 351 1500 416 πρόβατα,
1528 353 1681 406 ἄλλος
1708 352 1763 403 δέ

234 454 304 484 τις
348 432 532 494 ἵππους,
577 437 618 483 οῖ
665 432 713 483 δὲ
755 435 931 483 πολλοὶ
976 435 1051 483 καὶ
1098 437 1198 483 καθ’
1239 432 1303 483 ὧν
1347 437 1472 485 ταῦτ’
1515 437 1756 501 δέγίγνετο

236 516 323 582 οὐχ
349 515 476 568 ὅπως
502 516 752 582 ὠργίζοντο
776 515 805 580 ἢ
832 515 1043 583 κολάζειν
1067 517 1229 585 ἠξίουν
1255 516 1361 572 τοῦς
1391 525 1539 569 ταῦτα
1571 526 1786 577 ποιοῦν-5

236 622 332 661 τας,
367 602 475 649 ἀλλ’
510 600 795 662 ἀπέβλεπον,
834 600 1039 666 ἐζήλουν,
1074 599 1093 627 b

1103 603 1285 663 ἐτίμων,
1325 603 1496 668 ἄνδρας
1534 605 1752 668 ἡγοῦντο·
1809 620 1813 623 ’

138 682 422 746 301εέπειδὴ
461 685 589 734 ταῦθ’
632 685 752 734 οὕτω
802 683 1039 749 προήγετο
1084 688 1159 735 καὶ
1204 685 1257 736 τὸ
1304 688 1578 752 δωροδοκεῖν
1619 689 1754 755 ἐκρά-

235 790 365 831 τησε,
406 767 587 833 χιλίους
625 766 708 829 μὲν
750 768 917 821 ἱππέας
957 768 1237 832 κεκτημένοι,
1272 770 1462 823 πλειόυς
1494 774 1535 822 δ’
1564 771 1692 825 ὅντες
1728 770 1758 837 ἢ

234 851 402 917 μύριοι,
440 850 621 905 πάντας
661 851 708 902 δὲ
755 850 862 905 τοῦς
906 853 1194 919 περιχώρους
1239 853 1422 920 ἔχοντες
1464 855 1757 923 συμμάχους,
1779 881 1814 902 ¹0

235 933 442 1001 dpwpt'ocs·
469 934 518 985 δὲ
545 935 694 1003 ξένοις
727 937 802 985 καὶ
835 934 1047 1000 τριήρεσι
1085 936 1374 999 πεντήκοντα
1413 939 1541 1000 ὑμῶν
1574 943 1756 1003 βοηθη-

235 1018 426 1070 σάντων
452 1019 620 1081 αῦτοῖς,
653 1021 728 1069 καὶ
764 1019 829 1069 ε”τι
866 1023 960 1069 τῶν
994 1024 1205 1070 πολιτῶν
1242 1023 1648 1088 τετρακισχιλίοις,
1676 1025 1755 1074 οῦ·-

235 1103 311 1154 δέν
331 1103 498 1157 αὐτοῦς
524 1102 702 1153 τούτων
729 1102 936 1167 ἠδυνήθη
957 1107 1131 1165 σῶσαι,
1154 1103 1285 1154 ἀλλὰ
1309 1108 1420 1170 πρὶν
1446 1105 1530 1167 μὲν
1550 1107 1760 1175 ἐξελθεῖν

234 1184 443 1235 ἐνιαυτὸν
481 1190 564 1235 τοῦ
602 1185 813 1247 πολέμου
849 1184 932 1238 τὰς
966 1185 1128 1239 πόλεις
1164 1186 1356 1241 ἁπάσας
1387 1189 1760 1241 ἀπολωλέκεσαν

138 1268 318 1332 302τάς
357 1271 405 1320 ἐν
444 1273 502 1336 τῇ
540 1273 806 1337 Χαλκιδικῇ
851 1270 1194 1336 Επροδιδόντες,
1241 1274 1317 1321 καὶ
1364 1273 1605 1326 Φίλιππος
1645 1271 1787 1341 ἰοῦχῑ

234 1356 419 1422 ὑπεῖχεν
479 1354 724 1405 ὑπακούων
782 1359 877 1408 τοῖς
934 1358 1255 1421 προδιδοῦσιν,
1307 1356 1400 1406 οὐδ’
1455 1354 1576 1423 εῖχεν
1633 1357 1658 1408 ὅ
1715 1381 1760 1408 τι

233 1443 422 1505 πρῶτον
462 1438 606 1506 λάβῃ.
671 1440 1009 1493 πεντακοσίους
1049 1443 1089 1490 δ’
1124 1440 1290 1494 ἱππέας
1327 1441 1642 1507 προδοθέντας
1681 1443 1758 1493 ὑπ’

234 1523 388 1573 αὐτῶν
425 1527 520 1574 τῶν
554 1523 859 1588 ἐξηγουμένων
899 1524 1072 1584 ἔλαβεν
1112 1525 1266 1578 αὐτοῖς
1306 1524 1472 1579 ὅπλοις
1511 1526 1535 1575 ὁ
1576 1525 1757 1577 Φίλιπ-

234 1630 336 1670 πος,
381 1606 525 1660 ὅσους
570 1608 715 1661 οὐδεὶς
761 1607 953 1658 πώποτε
999 1608 1150 1661 ἄλλος
1194 1608 1467 1674 ἀνθρώπων.
1535 1611 1611 1659 καὶ
1656 1611 1761 1661 οὔτε

235 1690 318 1742 τὸν
343 1692 477 1755 ἥλιον
504 1691 771 1758 ᾐσχύνοντο
798 1695 839 1742 οἱ
870 1698 1019 1742 ταῦτα
1044 1699 1285 1747 ποιοῦντες
1313 1695 1416 1744 οὕτε
1443 1693 1528 1758 τὴν
1553 1697 1645 1759 γῆν
1669 1718 1761 1746 πα-
1775 1720 1816 1743 20

234 1776 370 1840 τρίδα
397 1776 560 1837 οὖσαν,
587 1774 686 1844 he'qb’
716 1776 770 1840 ἧς
797 1776 1026 1839 ἕστασαν,
1054 1778 1159 1828 οὔτε
1192 1777 1290 1843 ἱερὰ
1319 1779 1422 1828 οὕτε
1454 1777 1634 1845 τάφους
1660 1780 1763 1830 οὕτε

235 1859 321 1924 τὴν
358 1858 477 1923 μετὰ
511 1865 660 1910 ταῦτα
691 1860 1014 1925 γενησομένην
1041 1861 1273 1928 αἰσχύνην
1299 1863 1374 1912 ἐπὶ
1399 1860 1647 1916 ἰτοιούτοις
1682 1863 1758 1930 ἐρ-

236 1963 349 2010 γοις·
391 1945 538 1998 οὕτως
573 1945 817 2013 ἔκφρονας,
845 1942 882 1994 ὦ
913 1945 1077 2011 ἄνδρες
1108 1946 1362 2009 Ἀθηναῖοι,
1391 1947 1467 1996 καὶ
1498 1950 1756 2012 παραπλῆ-

139 2051 221 2094 303
236 2051 324 2095 γας
358 2027 412 2079 τὸ
447 2031 723 2095 δωροδοκεῖν
760 2033 897 2080 ποιεῖ.
954 2030 1071 2092 ὑμᾶς
1105 2030 1199 2091 οῦν,
1228 2028 1374 2093 ι(ὑμᾶς
1401 2031 1451 2080 εὖ
1478 2034 1668 2098 φρονεῖν
1694 2034 1767 2082 δεῖ

235 2110 344 2165 τοῦς
381 2111 610 2175 πολλοῦς,
650 2114 725 2163 καὶ
765 2111 830 2176 μὴ
869 2113 1128 2178 ἐπιτρέπειν
1166 2113 1226 2164 τὰ
1263 2120 1468 2177 τοιαῦτα,
1506 2113 1637 2164 ἀλλὰ
1675 2137 1755 2166 κο-
1774 2133 1812 2165 25
1874 2119 1889 2156 '.=

235 2195 391 2262 λάζειν
430 2198 650 2265 δημοσίᾳ.
713 2198 788 2246 καὶ
827 2195 920 2263 γὰρ
960 2195 1018 2247 ἂν
1056 2199 1131 2247 καὶ
1171 2196 1401 2265 ὑπερφυὲς
1440 2198 1523 2262 ε’ίη,
1562 2203 1599 2248 εἰ
1638 2198 1759 2250 κατὰ

235 2279 320 2343 μὲν
354 2285 448 2330 τῶν
483 2282 766 2334 Ὀλυνθίους
799 2281 1073 2346 προδόντων
1108 2281 1274 2333 πολλοὶ
1301 2281 1396 2333 1καὶ
1424 2282 1549 2333 δεινὰ
1576 2285 1754 2351 ἐψηφί-

235 2368 408 2426 σασθε,
448 2363 556 2418 τοῦς
600 2364 648 2415 δὲ
692 2366 802 2432 παρ’
845 2367 952 2429 ὑμῖν
991 2367 1144 2420 αὐτοῖς
1188 2368 1462 2421 ἀδικοῦντας
1507 2367 1571 2431 μὴ
1610 2367 1760 2418 κολά-

290 2562 309 2589 Y
328 2555 479 2602 πολλὰς]
504 2556 658 2591 πολλοὺς
678 2555 721 2590 Ο.
852 2562 869 2580 2
890 2556 985 2602 δοὺς]
1011 2558 1125 2593 διδοὺς
1145 2570 1170 2592 s.
1298 2563 1316 2582 a
1335 2558 1508 2605 ἐγίγνετο]
1534 2557 1711 2605 ἐγίγνοντο
1732 2571 1761 2594 r.

235 2606 255 2634 b
277 2609 398 2654 ἐτίμων
418 2621 487 2645 om.
510 2609 556 2645 O.
651 2615 666 2634 ⁰
687 2610 801 2653 ἐπειδὴ
824 2610 1159 2649 F.S.Y.Q.O.r.t.u.
1200 2611 1401 2657 Legebatul·
1421 2612 1536 2656 ἐπειδὴ
1558 2613 1646 2655 (ἐπεὶ
1665 2614 1760 2658 A.s.)

236 2662 283 2697 δέ.
334 2668 356 2682 “
371 2664 485 2707 ἐπειδὴ
512 2664 684 2709 repetitur
709 2670 790 2709 post
818 2664 961 2710 longam
990 2665 1216 2710 parenthesin
1245 2677 1287 2699 ex
1316 2678 1351 2711 p.
1374 2677 1423 2710 42
1430 2677 1466 2711 5,
1491 2667 1578 2712 27.'’
1608 2666 1758 2700 DOBR.

235 2713 256 2741 d
274 2717 407 2762 μυρίοις
425 2717 460 2750 δέ
482 2716 606 2762 ξένοις]
630 2717 769 2762 μυρίους
789 2717 824 2751 δέ
845 2719 961 2762 ξένους
981 2718 1026 2757 Q.
1179 2724 1195 2743 e
1216 2719 1435 2763 προδιδόντες
1453 2719 1607 2755 A.S.k.s.
1647 2720 1760 2766 Lege-

234 2770 340 2804 batur
359 2772 390 2804 οἱ
410 2771 638 2815 προδιδόντες.
738 2768 754 2795 f
771 2771 835 2815 οὐχ
857 2771 994 2816 ὑπεῖχεν
1014 2770 1190 2806 ὑπακούων
1210 2772 1362 2807 A.S.k.s.
1395 2772 1501 2806 οὐκέτ’
1522 2770 1612 2818 εἶχεν
1631 2773 1761 2806 ἀκούων

236 2823 278 2857 Y.
315 2824 516 2869 Legebatur
537 2822 644 2857 οὐκέτ’
665 2821 756 2868 εῖχεν
778 2824 968 2858 ὑπακούειν.
1081 2831 1102 2858 g
1123 2825 1316 2871 ἡγουμένων
1338 2826 1418 2860 S.Y.
1449 2825 1621 2872 ἡγεμόνων
1640 2827 1758 2873 vulgo.

236 2873 256 2901 1¹
277 2875 332 2921 ἐφ’
352 2876 405 2923 ἧς]
430 2877 485 2921 ἐφ’
506 2875 555 2912 οἷς
575 2883 639 2911 t.u.
728 2874 739 2901 i
759 2877 925 2914 τοιούτοις
947 2879 1027 2914 S.Y.
1058 2881 1128 2915 τοῖς
1149 2878 1314 2915 τοιούτοις
1336 2880 1453 2925 νυᾸὲνο.
1540 2877 1560 2904 k
1582 2880 1666 2925 ὑμᾶς
1686 2892 1758 2915 om.

237 2931 349 2965 A.k.s.
462 2928 471 2955 l
492 2932 544 2965 καὶ
564 2943 635 2966 om.
659 2930 740 2965 O.u.
