1930 3266
55 208 221 248 290,17.
570 200 696 237 ΠΕΡΙ
726 200 837 238 ΤΟὙ*
866 200 1173 239 ΣΤΕΦΑΝΟΤ.
1547 201 1632 241 303

25 386 104 428 233

49 927 107 969 34

24 1256 102 1301 235

24 1722 102 1776 236

23 2197 102 2241 237

175 308 396 360 Ἀθηναίων
415 310 536 352 οὔσας
564 311 850 362 Ρδοριαλῶτους
879 311 1091 360 πεποίηκεν
1116 310 1230 350 οὐδὲν
1256 311 1526 362 προαδικηθεὶς
1554 312 1630 352 ὑπὸ

176 379 244 416 τοῦ
264 375 383 427 δήμου
404 380 499 416 (ἱτοῦ
518 375 751 427 Ἀθηναίων,
776 376 819 416 ἔν
839 392 882 416 τε
909 379 960 430 τῷ
989 377 1153 427 παρόντι
1184 377 1247 416 ἐπὶ
1267 377 1370 417 πολὺ
1389 377 1554 429 προάγει
1584 380 1630 433 τῇ

176 459 219 482 τε
247 443 319 496 βίᾳ
349 445 411 482 καὶ
441 444 485 492 τῇ
515 442 691 493 ὠμότητι·
727 443 789 482 καὶ
819 443 896 494 γὰρ
924 440 1164 492 Ἑλληνίδας
1194 442 1332 484 πόλεις
1361 441 1407 484 ἂς
1438 444 1511 493 μὲν
1537 445 1684 494 Υέμ-ιο

175 510 366 561 φρούρους
397 513 504 549 ποιεῖ
534 509 596 549 καὶ
625 511 694 551 τὰς
721 510 923 551 πολιτείας
954 510 1150 556 καταλύει,
1185 512 1293 552 τινὰς
1327 511 1370 549 δὲ
1404 510 1466 550 καὶ
1491 511 1629 560 Ξέξαν-

174 577 497 628 δραποδιζόμενος
528 577 805 624 κατασκάπτει,
829 578 883 618 εἷς
914 578 1020 619 ἐνίας
1041 578 1083 617 δὲ
1105 577 1167 617 καὶ
1189 578 1274 617 ἀντὶ
1297 575 1507 628 Ἑλλήνων
1528 582 1627 629 βαρ-

174 643 323 695 βάρους
353 644 554 691 κατοικίζει
585 644 648 684 ἐπὶ
669 645 717 683 τὰ
739 645 822 695 ἱερὰ
845 644 906 684 καὶ
927 645 1014 686 τοὺς
1044 644 1194 696 τάφους
1226 643 1396 696 ἐπάγων,
1420 645 1534 685 οὐδὲν
1559 646 1630 685 ἀλ-

173 711 332 762 λότριον
361 715 484 750 ποιῶν
512 712 601 751 οὔτε
628 713 695 760 τῆς
724 713 861 751 ἑαυτοῦ
891 712 1074 762 πατρίδος
1101 712 1191 751 οὔτε
1220 715 1288 751 τοῦ
1314 713 1470 763 τρόπου,
1496 712 1558 752 καὶ
1585 715 1630 767 τῇ
1648 732 1656 752 ι
1664 730 1682 762 5

174 781 244 818 νῦν
265 778 365 832 αὐτῷ
394 779 572 829 παρούσῃ
601 779 698 833 τύχῃ
721 779 938 830 κατακόρως
966 780 1179 832 χρώμενος,
1213 779 1524 831 ἐπιλελησμένος
1545 783 1630 821 ἑαυ-

173 848 241 885 τοῦ
267 846 326 885 ὅτι
357 846 399 885 ἐκ
428 849 564 897 μικροῦ
596 845 658 885 καὶ
687 848 754 885 τοῦ
782 847 970 898 τυχόντος
999 845 1168 898 γέγονεν
1195 847 1441 890 ἀνελπίστως
1467 847 1630 900 ἴμέγας.

175 912 237 952 καὶ
272 912 344 955 ἕως
377 914 451 963 μὲν
486 913 623 955 πόλεις
664 914 765 964 ἐώρα
803 915 1115 965 παραιρούμενον
1152 914 1270 954 αὐτὸν
1303 914 1534 967 βαρβάρους
1569 916 1631 956 καὶ

175 981 286 1029 ἰδίας,
320 979 636 1031 Πὺπελάμβανεν
667 981 834 1020 ἔλαττον
862 981 962 1021 ε’ἶναι
990 983 1010 1021 6
1040 983 1191 1032 δῆμοςΧ
1212 983 1232 1021 6
1253 981 1474 1032 Ἀθηναίων
1505 983 1549 1023 τὸ
1578 985 1631 1026 εἷς
1644 1000 1686 1021 20

172 1047 292 1088 αὑτὸν
327 1050 659 1098 πλημμελεῖσθαι·
699 1051 769 1088 νῦν
804 1049 846 1088 δὲ
881 1050 982 1100 ὁρῶν
1013 1047 1252 1099 Ἑλληνίδας
1283 1050 1418 1092 πόλεις
1454 1051 1523 1091 τὰς
1557 1052 1631 1101 μὲν

171 1114 440 1166 ὑβριζομένας,
462 1116 532 1157 τὰς
559 1115 601 1154 δὲ
623 1113 865 1156 ἀναστάτους
884 1114 1133 1166 γιγνομένας,
1156 1114 1286 1155 δεινὸν
1315 1116 1467 1167 ἡγεῖται
1497 1124 1516 1153 y
1532 1116 1631 1157 εἶναι

173 1182 236 1222 καὶ
266 1181 426 1232 ἀνάξιον
455 1184 521 1232 τῆς
552 1185 629 1221 τῶν
655 1183 860 1234 προγόνων
889 1182 1001 1231 δόξης
1031 1180 1074 1221 τὸ
1102 1185 1287 1233 περιορᾶν
1313 1183 1401 1225 τοὺς
1424 1181 1630 1234 Ἕλληνας

173 1248 567 1300 καταδουλουμένους.
600 1249 658 1289 διὸ
681 1249 857 1289 δέδοκται
886 1249 932 1304 τῇ
959 1251 1089 1304 βουλῇ
1117 1250 1251 1304 καὶτῷ
1274 1249 1377 1304 δήμῳ
1409 1251 1491 1305 2τῷ
1511 1249 1627 1302 Ἀθη·
1642 1258 1681 1292 ²5

173 1317 305 1364 ναίων,
340 1316 572 1368 εὐξαμένους
600 1317 662 1356 καὶ
693 1317 889 1358 θύσαντας
920 1319 1000 1357 τοῖς
1030 1319 1132 1358 θεοῖς
1165 1317 1227 1356 καὶ
1256 1317 1378 1368 ἥρωσι
1406 1321 1484 1360 τοῖς
1516 1318 1628 1359 κατέ-

170 1401 288 1438 χουσι
318 1385 388 1435 τὴν
407 1385 526 1424 πόλιν
555 1385 617 1424 καὶ
643 1383 714 1434 τὴν
742 1384 875 1436 χώραν
905 1383 1004 1432 Βτὴν
1023 1381 1257 1433 Ἀθηναίων,
1282 1384 1344 1423 καὶ
1371 1384 1630 1436 δένθυμηθέν-

171 1469 240 1494 τας
270 1454 336 1502 τῆς
364 1456 441 1492 τῶν
468 1452 674 1504 προγόνων
697 1452 846 1503 ἀρετῆς,
870 1452 966 1491 διότι
995 1451 1083 1501 περὶ
1110 1452 1295 1494 πλείονος
1325 1453 1529 1493 ἐποιοῦντο
1559 1454 1630 1504 τὴν

171 1522 248 1559 τῶν
267 1517 477 1568 Ἑλλήνων
499 1518 726 1569 ἐλευθερίαν
747 1521 941 1569 διατηρεῖν
964 1515 988 1567 ἢ
1015 1517 1086 1567 τὴν
1108 1518 1209 1558 ἰδίαν
1228 1519 1408 1570 πατρίδα,
1431 1523 1631 1564 διακοσίας
1646 1528 1728 1570 290

172 1589 265 1629 ναῦς
295 1585 500 1626 καθέλκειν
522 1587 576 1628 εἷς
601 1585 671 1636 τὴν
692 1585 891 1626 θάλατταν
914 1586 975 1625 καὶ
995 1585 1064 1626 τὸν
1085 1587 1284 1639 ναύαρχον
1305 1587 1499 1629 ἀναπλεῖν
1521 1590 1631 1633 ἐντὸς

172 1657 332 1700 Πυλῶν,
357 1653 418 1693 καὶ
447 1652 544 1693 οτὸν
565 1652 786 1704 στρατηγὸν
815 1653 876 1693 καὶ
907 1653 976 1693 τὸν
1004 1653 1203 1706 ἵππαρχον
1229 1655 1298 1696 τὰς
1327 1657 1444 1703 πεζὰς
1473 1657 1534 1696 καὶ
1561 1659 1629 1700 τὰς

174 1722 329 1763 ἱππικὰς
359 1719 540 1770 δυνάμεις
568 1718 828 1759 Ἐλευσῖνάδε
861 1719 1028 1772 ἐξάγειν,
1059 1720 1217 1773 πέμψαι
1240 1722 1290 1761 ,δὲ
1319 1722 1381 1762 καὶ
1408 1721 1658 1774 ἀπρέσβειςὸ

171 1787 269 1840 πρὸς
303 1787 392 1829 τοὺς
426 1787 574 1829 ἄλλους
599 1784 817 1837 (Έλληνας,
850 1791 1002 1838 πρῶτον
1035 1788 1078 1828 δὲ
1107 1787 1265 1828 πάντων
1296 1789 1392 1841 πρὸς
1426 1792 1630 1842 Θηβαίους

175 1857 237 1896 διὰ
266 1855 310 1895 τὸ
342 1854 542 1907 ἐγγυτάτω
578 1854 678 1894 εἶναι
705 1854 775 1894 τὸν
808 1855 1010 1895 Φίλιππον
1041 1857 1106 1905 τῆς
1139 1856 1298 1897 ἐκείνων
1329 1859 1471 1910 χώρας,
1502 1875 1626 1910 παρα-

174 1926 310 1963 καλεῖν
340 1923 382 1962 δὲ
404 1921 540 1963 αὐτοὺς
566 1921 687 1971 μηδὲν
715 1921 1039 1974 καταπλαγέντας
1068 1923 1138 1964 τὸν
1165 1925 1367 1965 Φίλιππον
1391 1925 1629 1979 ἀντέχεσθαι
1647 1942 1684 1963 ¹0

173 1992 240 2040 τῆς
271 1990 418 2029 ἑαυτῶν
451 1987 514 2028 καὶ
543 1990 609 2038 τῆς
641 1990 718 2027 τῶν
745 1988 881 2028 ἄλλων
915 1987 1125 2040 Ἑλλήνων
1156 1992 1392 2043 ἐλευθερίας,
1425 1994 1488 2033 καὶ
1520 1994 1578 2034 ὅτι
1608 1996 1629 2034 ὁ

172 2054 393 2104 Ἀθηναίων
421 2056 551 2105 δῆμος,
573 2054 714 2094 θούδὲν
741 2059 990 2105 μνησικακῶν
1020 2058 1056 2097 εἴ
1083 2074 1120 2097 τι
1147 2059 1336 2110 πρότερον
1363 2058 1531 2111 γέγονεν
1559 2061 1630 2100 ἀλ-

172 2124 331 2174 λότριον
355 2125 438 2164 ταῖς
466 2122 611 2161 7ΐόλεσι
641 2120 762 2173 Ῑπρὸς
793 2122 984 2173 ἀλλήλας,
1006 2124 1230 2174 ἕβοηθήσει
1261 2126 1323 2165 καὶ
1351 2126 1540 2177 δυνάμεσι
1567 2128 1630 2168 καὶ

172 2189 346 2244 χρήμασι
377 2189 439 2229 καὶ
458 2188 602 2239 βέλεσι
633 2188 695 2228 καὶ
723 2190 871 2236 ὅπλοις,
896 2191 1005 2233 εἰδὼς
1034 2189 1124 2231 ι’ὅτι
1154 2190 1309 2235 ὶαύτοῖς
1335 2194 1409 2244 μὲν
1435 2194 1532 2246 πρὸς
1558 2195 1629 2234 ἀλ-
1645 2207 1680 2239 15

172 2258 318 2308 λήλους
349 2260 653 2308 διαμφισβητεῖν
684 2257 770 2308 περὶ
805 2259 871 2308 τῆς
901 2258 1112 2310 ἡγεμονίας
1140 2260 1253 2300 οὖσιν
1277 2258 1454 2311 ’Ἕλλησι
1491 2262 1629 2312 καλὸν,

171 2325 246 2366 ὑπὸ
267 2327 309 2366 δὲ
331 2325 565 2376 ἀλλοφύλου
586 2325 792 2376 ἀνθρώπου
820 2326 1011 2379 ἄρχεσθαι
1043 2328 1105 2367 καὶ
1131 2330 1196 2378 τῆς
1226 2328 1436 2380 ἡγεμονίας
1463 2330 1631 2370 ἀποστε-

171 2476 191 2505 P
211 2468 439 2514 δοριαλώτους
458 2467 636 2507 F.S.Y.Q.
667 2469 905 2513 δορυαλώτους
924 2469 1041 2515 vulgo.
1187 2477 1207 2506 q
1226 2472 1287 2504 τοῦ
1309 2471 1392 2510 S.Q.
1423 2475 1489 2505 τῶν
1509 2472 1628 2518 vulgo.

1446 2529 1483 2546 σα

118 2561 133 2580 ¹*
152 2553 382 2600 ἐμφρούρους]
407 2553 579 2600 ἐμφόρους
600 2554 645 2588 Ο.
781 2562 794 2581 3
815 2556 1193 2603 ἐξανδραποδιζόμενος]
1220 2558 1582 2602 ἐξανδραποδιζόμενος
1600 2571 1627 2592 Γ.

117 2605 133 2632 t
149 2607 254 2653 μέγας
272 2620 341 2642 om.
358 2607 722 2646 F.S.Y.Qsso.r.t.u.v.
740 2614 821 2642 ante
841 2609 1056 2644 ἀνελπίστως
1074 2610 1175 2654 ponit
1194 2622 1316 2656 margo
1331 2623 1359 2645 r.
1435 2617 1455 2635 u
1476 2612 1627 2655 ὑπελάμ-

115 2660 233 2706 βανεν]
256 2660 494 2706 ὑπελάμβανον
513 2661 624 2706 Y.p.1·.
735 2667 752 2683 Χ
773 2663 791 2694 ὁ
812 2674 881 2696 om.
902 2663 945 2697 Y.
976 2664 994 2695 ὁ
1014 2666 1081 2695 τῶν
1100 2663 1170 2697 k.s.
1265 2670 1283 2696 Y
1303 2661 1386 2697 εἶναι
1406 2665 1459 2697 καὶ
1473 2664 1626 2710 ἀνάξιον]

116 2714 169 2747 καὶ
185 2713 321 2758 ἀνάξιον
339 2711 422 2748 εἶναι
440 2726 469 2748 r.
607 2719 625 2738 Ζ
645 2716 693 2760 τῷ
713 2715 887 2753 F.S.Y.Q.
917 2718 984 2748 τῶν
1003 2716 1120 2761 Vulgo.
1257 2721 1275 2740 fl
1294 2717 1354 2759 τὴν
1374 2717 1628 2755 F.S.Q.O.u.v.

115 2770 182 2800 τῶν
199 2767 317 2813 vulgo.
445 2763 465 2791 b
486 2766 729 2810 ἐνθυμηθέντας
748 2768 814 2802 k.s.
845 2768 1060 2812 ἐνθυμηθεῖσι
1080 2769 1197 2814 vulgo.
1322 2775 1338 2794 0
1357 2770 1416 2803 τὸν
1436 2772 1630 2815 στρατηγὸν

115 2820 169 2853 καὶ
187 2820 245 2853 τὸν
264 2819 435 2865 ἵππαρχον
454 2832 524 2854 om.
546 2820 657 2865 Y.p.r.
786 2817 806 2845 d
824 2821 1004 2867 πρέσβεις]
1030 2821 1108 2856 τοὺς
1126 2823 1291 2868 πρέσβεις
1312 2822 1348 2857 S.
1471 2828 1487 2847 e
1508 2823 1623 2869 οὐδέν]

115 2873 193 2906 οὐδὲ
212 2872 326 2918 Y.p.1·.
436 2870 452 2897 f
468 2873 553 2918 πρὸς
571 2872 726 2916 ἀλλήλας
746 2879 780 2908 et
800 2875 853 2907 καὶ
873 2874 1037 2918 δυνάμεσι
1057 2886 1127 2909 om.
1150 2875 1194 2913 Q.
1297 2880 1318 2908 g
1335 2875 1519 2922 βοηθήσει]
1542 2879 1626 2919 βοη-

117 2924 240 2968 θήσεσι
261 2926 296 2960 S.
406 2923 427 2951 h
447 2926 499 2959 ὅτι
517 2938 551 2971 p.
583 2926 782 2971 Legebatul·
802 2926 853 2960 ὅτι
873 2925 938 2960 καί.
1051 2924 1060 2952 i
1082 2928 1212 2974 αὐτοῖς]
1237 2929 1367 2964 ἑαυτοῖς
1385 2941 1420 2974 p.
