1882 3250
229 163 314 206 136
774 167 1202 208 ΔΗΜΟΣΘΕΝΟΎΣ
1376 166 1458 205 ΟΒ.
1482 165 1569 206 IX.
1594 180 1634 221 p.
1664 178 1751 219 127,
1773 180 1864 208 14-v

160 290 213 342 76
226 301 302 348 πῳ
340 277 746 344 συμπράττουσιν.
805 278 1040 346 εἰσφέρειν
1078 278 1301 339 ἐκέλευον,
1338 281 1382 328 οἱ
1420 278 1458 327 δ’
1487 277 1617 329 οὐδὲν
1650 281 1744 330 δεῖν

227 362 428 429 ἔφασαν·
492 367 716 425 πολεμεῖν
769 364 845 412 καὶ
902 361 967 425 μὴ
1017 362 1269 424 πιστεύειν,
1319 364 1362 411 οἱ
1411 362 1448 412 δ’
1496 361 1626 426 ἄγειν
1674 367 1792 417 εἶ-ιε

226 444 386 511 ρήνην,
423 446 507 499 ἕως
542 444 1012 514 ἕέγκατελήφθησαν.
1073 447 1235 496 τᾶλλα
1272 444 1354 496 τὸν
1390 444 1531 495 αὑτὸν
1567 445 1745 510 τρόπον

227 526 354 591 οἶμαι
391 526 546 589 πάνθ’,
583 527 658 577 ἵνα
700 527 765 591 μὴ
804 529 906 578 καθ’
945 529 1122 578 ἕκαστα
1161 529 1303 593 λε’γω·
1353 532 1394 578 οἱ
1433 527 1532 591 μὲν,
1571 530 1644 597 ἐφ’
1677 529 1745 583 οἷς
1867 480 1874 599 Ι

227 610 350 675 ὴῆδη
386 616 667 676 χαριοῦνται,
701 612 828 661 ταῦτ’
861 611 1026 676 ἔλεγον
1059 610 1153 661 ἰκαὶ
1193 611 1396 662 ἐλύπουν
1432 611 1575 673 οὐδὲν,
1612 615 1652 662 οἱ
1689 613 1744 674 δ’,
1868 601 1873 639 Ι

227 695 284 762 ἐξ
325 692 390 744 ὧν
440 693 642 756 ἐζιιελλον
685 693 1012 757 σωθήσεσθαι,
1056 692 1076 719 k
1096 697 1354 759 προσῆσαν
1400 696 1438 745 δ’
1484 695 1740 762 ἀπέχθειαι.
1868 702 1882 776 j

160 795 210 838 77
226 775 391 827 πολλὰ
425 775 473 826 δὲ
512 778 586 826 καὶ
625 775 685 826 τὰ
717 782 959 827 τελευταῖα
998 777 1084 843 οὐχ
1118 778 1264 830 οὕτως
1294 776 1419 828 Ῑοῦτε
1457 777 1574 843 πρὸς
1607 777 1744 844 χάριν
1758 803 1798 826 20
1867 803 1882 887 Γ

227 862 330 910 οὔτε
368 861 422 909 δι’
461 860 655 924 ἄγνοιαν
690 864 732 910 οἱ
769 862 945 910 πολλοὶ
980 859 1256 925 ΙΥΙπροΐεντο,
1289 862 1400 910 ἀλλ’
1432 862 1746 911 ὑποκατακλι-
1880 843 1882 890 Ι

228 941 421 1005 νόμενοι,
457 941 614 1006 ἐπειδὴ
649 947 745 995 τοῖς
784 941 912 995 ὅλοις
949 943 1181 1005 ἡττᾶσθαι
1219 942 1438 1009 ἐνόμιζον.
1508 941 1532 993 ὃ
1569 942 1625 1006 νὴ
1663 943 1746 994 τὸν
1867 998 1870 1010 2

227 1025 322 1076 Δία
361 1027 436 1075 καὶ
474 1024 557 1075 τὸν
592 1023 825 1075 Ἀπόλλω
861 1026 1021 1076 δέδοικ’
1058 1025 1186 1091 “ε’γὼ
1225 1025 1290 1090 μὴ
1330 1027 1535 1090 Οποῖθηθ
1569 1029 1745 1091 Ρὺμεῖς,
1866 1014 1871 1071 Ι

159 1107 410 1171 78ἐπειδάν
441 1111 622 1172 (ὶεῖδῆτε
662 1110 732 1158 Γέκ
772 1115 1011 1174 λογισμοῦ
1049 1109 1192 1173 μηδὲν
1228 1111 1358 1172 Ξὺμῖν
1392 1110 1531 1161 1ῑένόν.
1597 1112 1744 1162 καίτοι
1758 1136 1795 1168 ²5

225 1191 290 1256 μὴ
316 1192 539 1257 ιιγένοιτο,
567 1189 640 1241 ποῖ
672 1191 835 1257 ἄνδρες
860 1193 1115 1255 Ἀθηναῖοι,
1143 1191 1202 1242 τὰ
1227 1191 1465 1258 πράγματ’
1494 1194 1542 1242 ἐν
1574 1193 1741 1262 τούτῳ·

225 1274 499 1326 τεθναναιΧ
513 1297 607 1340 γαρ
644 1274 855 1340 μυριάκις
898 1280 1106 1341 κρεῖττον
1144 1273 1172 1339 ἢ
1212 1277 1433 1326 κολακεία
1470 1298 1513 1325 τι
1549 1279 1746 1339 ποιῆσαι

225 1361 523 1428 ῩΦιλίππῳΖ
535 1382 610 1409 και
644 1359 876 1425 προεσθαι
911 1363 1005 1410 τῶν
1042 1359 1155 1425 ὑπερ
1186 1360 1342 1421 ὃὺμῶν
1378 1357 1619 1423 λεγόντων
1648 1357 1668 1386 b

226 1443 322 1497 νάς.
378 1443 531 1507 καλήν
562 1448 608 1509 γ’
637 1466 679 1494 οι
717 1445 892 1494 πολλοι
930 1449 1011 1493 νῦν
1046 1441 1372 1510 ἀπειλήφασιν
1403 1443 1628 1508 Ὠρειτῶν
1658 1442 1745 1510 χά-

224 1550 311 1592 ριν,
350 1526 420 1577 ὅτι
458 1532 554 1580 τοῖς
591 1527 834 1577 Φιλίππου
875 1527 1034 1594 φίλοις
1073 1526 1338 1593 ἐπέτρεψαν
1376 1525 1556 1588 αὑτους,
1588 1549 1671 1576 τον
1704 1527 1743 1576 δ’

159 1624 210 1667 79
227 1612 470 1678 Εὐφραῖον
494 1611 707 1661 οἐώθουν·
737 1609 889 1673 καλήν
908 1611 949 1674 γ’
970 1611 994 1659 ὁ
1017 1612 1160 1673 δῆμος
1184 1611 1209 1659 ὁ
1238 1608 1520 1674 Ἐρετριέων,
1542 1608 1612 1659 ὅτι
1637 1607 1774 1663 ‘robes

225 1693 337 1758 ᾱμὲν
372 1694 616 1759 ὑμετέρους
653 1693 878 1759 πρέσβεις
915 1692 1152 1756 ἀπήλασε,
1190 1691 1472 1761 Κλειτάρχῳ
1508 1695 1548 1742 δ’
1576 1692 1739 1743 ἐνέδω-

224 1801 302 1828 κεν
335 1776 489 1828 αὑτόν·
530 1777 813 1827 δουλεύουσί
842 1800 895 1841 γε
932 1776 1301 1841 μαστιγούμενοι
1341 1777 1416 1826 καὶ
1447 1775 1745 1842 θστρεβλού-

223 1883 369 1924 μενοι.
426 1864 583 1913 καλῶς
607 1860 877 1911 Ὀλυνθίων
903 1861 1128 1928 ἐφείσατο
1155 1864 1248 1910 τῶν
1273 1859 1355 1910 τὸν
1386 1858 1470 1920 μὲν
1497 1858 1745 1923 ἰΛασθένη

1676 1382 1743 1410 τι·
1764 1370 1838 1411 128
1863 1344 1868 1421 Ι

277 2049 298 2077 g
316 2043 640 2090 ἐγκατελήφθησαν]
665 2043 981 2090 ἐγκατελείφθησαν
1002 2057 1068 2079 ree.
1088 2045 1120 2079 S.
1140 2058 1147 2079 ι
1171 2056 1254 2078 nam
1273 2057 1293 2078 a
1313 2056 1365 2090 pr.
1384 2056 1430 2078 m.
1447 2044 1515 2078 fuit
1529 2059 1559 2087 η.
1641 2041 1744 2087 Βῆδη

223 2109 293 2132 0111.
312 2097 348 2131 S.
371 2103 406 2131 et
425 2109 477 2143 pr.
494 2098 538 2132 Y
651 2104 660 2123 ¹
681 2113 734 2132 και
753 2096 904 2132 ἐλύπουν
925 2098 1050 2133 οὐδέν’
1042 2111 1079 2132 111
1100 2098 1256 2144 margine
1278 2097 1319 2132 Y.
1350 2097 1395 2141 μὴ
1415 2099 1548 2131 λυποῦν
1568 2097 1745 2143 (apposito

222 2151 259 2184 in
280 2151 437 2196 margine
459 2151 526 2195 και)
549 2150 592 2185 Ο.
614 2163 684 2185 om.
708 2151 747 2185 F.
753 2151 787 2186 S.
793 2164 827 2185 u.
830 2164 863 2187 v.
1027 2148 1048 2176 k
1074 2153 1256 2197 προσῆσαν
1280 2149 1308 2184 δ
1330 2150 1506 2195 ἀπέχθειαι
1529 2162 1599 2185 rec.
1621 2161 1745 2196 margo

225 2219 306 2254 S.Y.
327 2232 396 2254 om.
414 2220 576 2254 F.O.u.V.
661 2217 672 2244 Ῑ
693 2219 922 2266 οὕτε-οὕτε]
947 2220 1162 2254 οὐδὲ-οὐδὲ
1184 2220 1219 2254 S.
1249 2202 1461 2253 οὐξε-ουτξε
1481 2218 1521 2253 F.
1607 2225 1636 2243 ¹¹¹
1657 2233 1742 2264 προ-

223 2270 330 2318 ἵεντο]
353 2275 512 2318 προεῖντο
531 2274 573 2308 A.
603 2273 790 2318 προσίεντο
810 2273 892 2307 F.S.
1051 2279 1072 2297 Π
1093 2271 1213 2307 δέδοικ’
1235 2272 1301 2318 ἐγὼ
1320 2273 1362 2306 A.
1385 2272 1460 2318 (qui
1479 2272 1626 2316 δέδοικα)
1648 2277 1683 2306 et
1704 2271 1742 2306 S.

223 2325 423 2371 Legebatur
444 2325 576 2359 δέδοικα
596 2326 713 2371 ἔγωγε.
839 2331 857 2350 0
877 2325 999 2368 πάθηθ’
1024 2326 1061 2361 S.
1091 2326 1219 2369 πάθητε
1239 2326 1356 2370 vulgo.
1479 2330 1498 2357 P
1519 2325 1745 2368 ὑμεῖς-ἐνόν

221 2390 293 2413 om.
314 2391 366 2424 pr.
388 2391 423 2413 u.
509 2385 530 2412 <l
550 2378 677 2424 εἰδῆτε]
702 2378 794 2421 ἰ’δητε
814 2378 856 2412 Y.
878 2384 913 2413 et
931 2393 985 2424 γρ.
1006 2379 1047 2414 F.
1130 2384 1146 2402 ¹⁵
1165 2379 1200 2411 ἐκ
1218 2377 1409 2423 λογισμοῦ]
1434 2377 1685 2423 ἐκλογιζόμενοι
1707 2377 1742 2411 S.

222 2436 236 2456 S
258 2430 352 2477 ὑμῖν]
377 2432 412 2465 ἐν
433 2432 509 2475 ὑμῖν
530 2432 568 2467 S.
665 2430 679 2456 t
698 2431 790 2477 ἐνόν]
815 2432 899 2465 ἐνόν·
931 2433 984 2465 καὶ
1003 2431 1082 2466 τοὺς
1102 2431 1150 2466 εἷς
1169 2430 1262 2464 ταῦθ’
1280 2430 1390 2475 (τοῦθ’
1406 2429 1531 2475 vulgo)
1552 2430 1744 2475 ὑπάγοντας

220 2484 306 2528 ὑμᾶς
330 2486 418 2529 ὁρῶν
443 2485 502 2518 οὐκ
525 2484 676 2530 ὀρρωδῶ,
697 2484 788 2518 ἀλλὰ
812 2485 1045 2528 δυσωπυῦμαι·
1078 2483 1097 2527 ἢ
1120 2484 1186 2529 γὰρ
1210 2483 1403 2527 ἐξεπίτηδες
1428 2481 1447 2525 ἢ
1474 2481 1516 2516 δι’
1536 2483 1674 2528 ἄγνοιαν
1697 2483 1744 2518 εἷς

219 2538 372 2581 χαλεπὸν
390 2539 529 2583 πρᾶγμα
550 2537 722 2583 ὑπάγουσι
742 2538 802 2581 τὴν
821 2539 924 2571 πόλιν
945 2549 1014 2571 ree.
1038 2549 1158 2582 margo
1181 2536 1261 2570 S.Y.
1320 2536 1428 2569 Plane
1453 2535 1582 2569 omissa
1608 2536 1684 2569 haee
1707 2536 1743 2569 in

220 2591 262 2624 B.
287 2597 332 2631 et,
357 2597 396 2624 ut
424 2591 559 2636 opinor,
585 2591 752 2625 F.O.u.v.
810 2592 1042 2634 Δυσωποῦμαι
1072 2596 1107 2624 et
1136 2589 1328 2635 ὑπάγουσιν
1355 2600 1397 2622 ex
1424 2588 1630 2633 Philippicis
1659 2589 1742 2624 citat

219 2660 464 2705 Harpocratio.
574 2665 594 2683 Π
614 2659 764 2705 γένοιτο]
790 2661 923 2705 γένοιτο
943 2659 1024 2693 AS.
1136 2665 1164 2682 W
1185 2654 1210 2692 ὦ
1228 2658 1346 2703 ἅνδρες
1365 2656 1552 2702 Ἀθηναῖοι]
1578 2656 1620 2691 ὣς
1643 2656 1679 2691 S.
1715 2641 1742 2689 ωθ

217 2729 274 2768 Α.,
296 2734 335 2762 ut
356 2728 457 2761 solet.
496 2720 499 2723 .
611 2733 630 2751 Χ
650 2727 733 2773 γὰρ]
760 2728 795 2761 δὲ
818 2728 853 2761 S.
1002 2733 1021 2760 5
1041 2725 1217 2774 Φιλίππῳ]
1242 2719 1416 2769 φιλιππῗιῆ
1436 2726 1475 2760 F.
1507 2719 1680 2769 φιλίππὸῗι
1704 2725 1739 2758 S.

217 2785 236 2804 Ζ
255 2781 456 2815 καὶ--τινάς
475 2792 545 2814 om.
569 2780 605 2814 S.
693 2786 711 2804 a
731 2780 840 2826 ὑμῶν]
866 2780 958 2823 ὑμῶν
977 2781 1087 2814 αι’·τῶν
1107 2781 1148 2813 Α.
1244 2775 1263 2803 b
1284 2778 1392 2824 τινάς]
1416 2780 1490 2812 τινά
1512 2780 1553 2812 A.
1641 2783 1656 2803 ⁰
1676 2779 1736 2812 ἐώ-

217 2833 314 2878 θουν]
340 2833 480 2876 ἐμίσουν
499 2834 541 2866 A.
563 2838 598 2866 et
617 2847 672 2877 γρ.
695 2833 737 2866 Y.
861 2829 879 2857 d
899 2834 960 2876 μὲν
979 2840 1060 2878 post
1082 2831 1262 2877 ὑμετέρους
1282 2831 1490 2865 F.Y.O.u.v.
1603 2836 1619 2855 θ
1639 2845 1738 2876 στρε-

219 2885 421 2930 Βλούμενοι]
447 2887 681 2929 σφαττόμενοι
702 2886 786 2921 ΑΒ.
808 2893 843 2920 et
862 2901 916 2931 γρ.
934 2886 976 2919 Y.
1025 2886 1219 2930 vulgatum
1245 2885 1280 2918 in
1300 2899 1354 2931 γρ.
1377 2897 1397 2918 a
1421 2887 1466 2918 m.
1487 2896 1554 2918 rec.
1575 2884 1683 2918 habet
1705 2883 1739 2917 S.

218 2935 233 2962 s
252 2937 426 2982 Λασθένη]
451 2938 622 2981 λασθένην
643 2937 688 2971 Ο.

1863 1495 1866 1531 Ι

1863 1544 1865 1578 Ι

1862 1595 1866 1635 Ι

1862 1649 1865 1680 Ι

1861 1681 1870 1776 Ι

1860 1786 1864 1826 Ι

1860 1864 1863 1909 Ι

1859 1915 1863 1993 Ι

1858 2003 1862 2081 Ι
