1882 3250
236 183 292 225 60
781 186 1208 227 ΔΗΜΟΣΘΕΝΟΎΣ
1482 182 1565 222 On.
1590 181 1666 221 IV.
1688 196 1729 235 p.
1745 189 1847 234 54‚2

237 297 437 362 κούργου
473 295 556 359 μὲν
588 295 681 361 γάρ
719 298 822 346 ἐστι
860 296 1056 361 κριθέντ’
1089 297 1354 355 ἀποθανεῖν,
1389 297 1663 359 στρατηγοῦ
1700 292 1749 342 δὲ

170 401 224 443 55
237 379 503 446 μαχόμενον
545 383 641 432 τοῖς
686 379 940 440 πολεμίοις.
982 379 1147 441 )’ἡμῶν
1187 378 1223 426 δ’
1259 380 1301 427 οἱ
1338 375 1422 438 μὲν
1463 373 1749 441 Ζπεριιόντες

238 461 356 526 μετὰ
381 462 758 524 Λακεδαιμονίων
797 462 953 527 ξιφασὶ
994 460 1236 510 Φίλιππον
1273 457 1494 524 πράττειν
1531 456 1617 519 τὴν
1642 460 1745 519 Θη-

239 547 390 606 βαίων
434 544 698 595 κατάλυσιν
742 545 816 593 καὶ
861 542 945 596 τὰς
988 543 1226 594 πολιτείας
1271 544 1493 596 διασπᾶν,
1535 543 1576 589 οἱ
1621 539 1660 588 δ’
1689 540 1781 591 ὡςε

320 629 332 645 t
554 628 566 644 l
785 625 803 652 b
837 629 848 643 ε
1085 625 1097 641 t
1194 628 1203 640 e
1268 625 1278 639 s
1319 626 1329 640 5
1378 625 1388 640 ν
1590 627 1610 636 a
1716 621 1726 637 t

239 633 463 695 πρεσβεις
500 631 750 694 πεπομφεν
821 649 883 679 ως
916 631 1137 686 βασιλεα,
1165 648 1206 674 οι
1242 627 1269 674 δ
1307 647 1355 674 εν
1396 627 1628 688 Ιλλυριοις
1665 644 1752 673 πο-

240 719 338 765 λεις
376 711 597 777 τειχίζειν,
625 714 665 760 οἱ
693 709 741 759 δὲ
769 708 941 772 λόγους
973 708 1263 760 πλάττοντες
1300 713 1315 732 ‘²
1337 706 1535 758 ἕκαστος
1572 726 1753 769 περιερ-

173 806 228 859 56
241 794 433 861 χόμεθα.
474 793 565 857 ἐγὼ
602 794 639 842 δ’
677 790 838 854 (Ῑοῖμαι
877 791 975 854 μὲν,
1005 789 1041 840 ὦ
1076 790 1239 855 ἄνδρες
1265 791 1520 851 Ἀθηναῖοι,
1556 786 1611 850 νὴ
1647 785 1756 839 τοὺς

242 876 372 929 θεοὺς
417 878 587 926 ἐκεῖνον
624 875 807 937 μεθύειν
843 878 909 943 τῷ
947 874 1130 937 μεγέθει
1168 876 1262 922 τῶν
1298 870 1640 936 πεπραγμένων
1679 871 1754 919 καὶ

241 958 406 1009 πολλὰ
430 963 621 1008 τοιαῦτα
647 958 961 1022 ὀνειροπολεῖν
996 957 1044 1004 ἐν
1080 958 1138 1021 τῇ
1177 954 1357 1020 γνώμῃ,
1383 952 1469 1015 τήν
1494 957 1535 1002 τ’
1563 952 1756 1017 ἐρημίαν
1774 974 1809 995 ¹0

243 1046 337 1092 τῶν
378 1039 695 1091 κωλυσόντων
742 1039 922 1103 ὁρῶντα
965 1040 1040 1087 καὶ
1085 1041 1181 1090 τοῖς
1222 1035 1566 1101 πεπραγμένοις
1609 1036 1752 1102 ἐπῃρ-

242 1125 397 1187 μένον,
425 1124 476 1173 οὐ
511 1123 667 1185 μέντοι
693 1129 708 1147 ‘³
727 1143 781 1185 γε
815 1120 881 1183 μὰ
909 1120 1012 1170 ῑΔΓ
1042 1121 1198 1170 ἕοῦτω
1236 1121 1564 1185 προαιρεῖσθαι
1601 1117 1755 1183 πράτ-

244 1231 352 1270 τειν,
391 1205 515 1256 ὥστε
560 1204 666 1258 τοῦς
706 1203 1045 1267 ἀνοητοτάτους
1086 1207 1180 1253 τῶν
1216 1203 1324 1268 παρ’
1366 1202 1474 1265 ἡμῖν
1512 1201 1676 1251 εἰδέναι
1715 1201 1764 1250 τί

245 1290 411 1354 μέλλει
448 1293 597 1341 ποιεῖν
623 1290 805 1341 ἐκεῖνος·
849 1284 1152 1350 ἀνοητότατοι
1177 1284 1270 1350 γάρ
1306 1289 1425 1335 εἰσιν
1451 1287 1493 1334 οἱ
1528 1290 1756 1348 λογοποι-
1779 1309 1810 1339 ¹5

178 1394 231 1438 57
247 1380 419 1427 οῦντες.
465 1374 573 1422 ἀλλ’
597 1370 684 1422 ῂάν
702 1372 896 1440 ἀφέντες
922 1371 1048 1420 ταῦτ’
1073 1369 1230 1419 ἰἐκεῖνο
1256 1367 1487 1430 1ίεὶδῶμεν,
1507 1367 1577 1417 ὅτι
1596 1365 1762 1434 ἐχθρὸς

246 1455 517 1522 1ἅνθρωπος
556 1457 633 1506 καὶ
676 1453 735 1505 τὰ
775 1453 974 1518 ἡμέτερα
1015 1453 1133 1515 ἡμᾶς
1179 1453 1436 1515 ἀποστερεῖ
1473 1452 1549 1500 καὶ
1593 1448 1764 1516 χρόνον

712 1539 725 1556 N

246 1537 398 1589 πολὺν
438 1539 616 1603 ὕβρικε,
652 1560 728 1587 και
767 1534 980 1587 ωᾶπανθ
1011 1535 1106 1585 ὅσα
1142 1534 1322 1585 πώποτ’
1353 1532 1627 1596 ἠλπίσαμέν
1661 1554 1765 1583 τινα

247 1620 444 1689 πράξειν
477 1620 591 1686 ὑπὲρ
627 1620 758 1683 ἡμῶν
793 1620 894 1670 καθ’
923 1619 1054 1682 ἡμῶν
1087 1618 1287 1683 εὕρηται,
1330 1617 1404 1666 καὶ
1443 1615 1503 1666 τὰ
1536 1614 1684 1666 λοιπὰ
1716 1617 1765 1666 ἐν

248 1706 440 1758 Παύτοῖς
478 1705 586 1768 ἡμῖν
611 1711 629 1730 ⁰
648 1706 769 1765 ἐστὶ,
801 1701 887 1753 κᾶν
916 1702 981 1766 μὴ
1009 1707 1088 1752 νῦν
1115 1701 1349 1763 ἐθέλωμεν
1383 1702 1476 1751 ἐκεῖ
1504 1704 1764 1763 Ρπολεμεῖν
1779 1721 1818 1744 20

251 1789 391 1856 αὐτῷ,
438 1787 589 1838 ἐνθάδ’
636 1787 752 1840 ἴσως
798 1783 1264 1851 ἀναγκασθησόμεθα
1307 1789 1445 1834 τοῦτο
1489 1787 1656 1845 ποιεῖν,
1708 1781 1765 1834 ἂν

251 1875 399 1920 ταῦτα
440 1871 649 1933 εἰδῶμεν,
698 1871 773 1919 καὶ
823 1868 882 1919 τὰ
928 1868 1090 1918 δέοντα
1131 1866 1338 1930 ἐσόμεθα
1389 1865 1641 1932 ἐγνωκότες
1692 1869 1768 1917 καὶ

253 1951 413 2017 λόγων
439 1953 649 2015 ματαίων
675 1952 1051 2016 ἀπηλλαγμένου
1096 1952 1148 2001 οὐ
1180 1950 1274 2016 γὰρ
1313 1950 1431 2001 ἅττα
1467 1952 1572 2001 ποτ’
1599 1960 1618 1987 ‘¹
1635 1950 1769 2001 ἔσται

253 2039 324 2086 δεῖ
345 2040 554 2098 σκοπεῖν,
580 2035 689 2085 ἀλλ’
718 2034 789 2084 ὅτι
816 2035 977 2102 φαῦλ’,
1004 2033 1113 2084 ῙΓε’ὂιν
1139 2033 1202 2097 μὴ
1230 2034 1527 2100 Ξ’προσέχητε
1552 2032 1635 2084 τὸν
1661 2039 1770 2084 νοῦν

255 2121 330 2169 καὶ
354 2119 369 2144 t
384 2117 446 2169 τὰ
468 2118 774 2184 προσήκοντα
799 2124 820 2143 “
836 2122 983 2168 ποιεῖν
1009 2117 1205 2181 ἐθε’λητ“,
1234 2117 1282 2167 εὖ
1308 2117 1486 2167 εἰδέναι.
1783 2125 1819 2157 25

187 2205 241 2258 58
330 2202 459 2267 Ἐγὼ
484 2201 568 2265 μὲν
594 2202 711 2251 Χοὖν
748 2202 841 2251 οὔτ’
869 2201 1045 2251 ἄλλοτε
1083 2208 1101 2235 5
1116 2200 1307 2251 πώποτε
1344 2199 1463 2266 πρὸς
1501 2199 1638 2266 χάριν
1669 2202 1766 2249 Ζεὶ-

532 2327 548 2356 ὑ

310 2371 328 2400 y
350 2364 442 2407 ἡμῶν
464 2364 501 2398 S.
531 2366 622 2406 ημῶν
643 2361 731 2395 B.Y.
762 2361 963 2406 Legebatur
982 2360 1083 2404 ὑμῶν.
1181 2365 1198 2384 ῑ
1219 2360 1421 2406 περιιόντες]
1446 2360 1620 2405 περιόντες
1640 2359 1769 2394 B.F.S.

257 2422 271 2437 ἃ
300 2418 389 2461 φασὶ
418 2415 608 2461 Φίλιππον]
642 2413 815 2459 φίλιππόν
837 2416 928 2456 φασι
954 2413 1039 2447 A.Y.
1221 2410 1241 2438 b
1271 2414 1314 2448 ὡς
1337 2412 1393 2458 β.]
1428 2413 1471 2448 ὡς
1500 2413 1586 2458 πρὸς
1611 2414 1648 2454 β.
1682 2411 1768 2447 B.F.

259 2478 276 2496 C
297 2469 454 2514 ἕκαστος]
479 2468 617 2502 ἕκαστοι
637 2468 726 2503 A.Y.
839 2463 857 2491 d
877 2463 987 2513 οἶμαι]
1013 2465 1124 2508 οἴομαι
1144 2468 1184 2500 A.
1297 2472 1312 2490 θ
1332 2481 1371 2509 γε
1392 2479 1460 2500 om.
1482 2466 1572 2501 A.Y.
1672 2462 1687 2490 f
1701 2464 1766 2511 μὰ]

258 2523 297 2556 οὗ
317 2523 363 2567 μὰ
384 2523 468 2556 B.F.
552 2527 573 2554 g
593 2519 697 2565 οὕτω]
722 2521 822 2554 οὐτῶι
844 2521 883 2553 Α.
906 2526 940 2553 et
960 2533 1011 2565 pr.
1036 2520 1070 2553 S.
1155 2517 1172 2544 h
1193 2517 1232 2553 ἂν
1254 2520 1288 2553 S.
1319 2519 1376 2553 ἐὰν
1396 2520 1513 2565 vulgo.
1597 2515 1606 2543 i
1644 2518 1767 2564 ἐκεῖνο]

983 2577 1005 2593 ΕΙ

258 2610 364 2644 ἐκεῖνα
383 2610 425 2643 A.
547 2604 563 2628 k
586 2606 742 2652 εἰδῶμεν]
766 2605 889 2650 ἴδωμεν
908 2608 951 2640 A.
981 2607 1103 2649 ἵδῶμεν
1125 2607 1206 2649 (hoc
1225 2609 1386 2650 accentu)
1410 2607 1450 2640 B.
1573 2604 1579 2626 ¹
1599 2604 1775 2650 ἅνθρωπος

260 2663 454 2697 Bekkerus.
495 2661 671 2706 ἅνθρωπος
698 2660 816 2705 vulgo.
865 2661 1022 2694 Accentu
1042 2666 1136 2693 caret
1158 2660 1192 2694 S.
1341 2666 1371 2684 ¹¹³
1399 2659 1518 2694 ἅπανθ’
1539 2660 1581 2693 Α.
1611 2658 1710 2693 πάνθ’
1730 2659 1773 2693 Y.

259 2721 274 2738 ¹¹
294 2715 406 2750 αὐτοῖς
426 2715 503 2759 ἡμῖν
524 2714 559 2748 S.
590 2713 668 2757 ἡμῖν
687 2713 801 2747 αὐτοῖς
820 2713 937 2758 vulgo.
1048 2717 1064 2734 o
1083 2713 1158 2746 ἐστι
1179 2725 1316 2746 erasum
1336 2713 1373 2747 in
1394 2713 1430 2748 S.
1554 2716 1570 2739 Ρ
1589 2711 1769 2758 πολεμεῖν]

393 2773 404 2789 0

260 2803 421 2845 πολεμεῖν
441 2803 474 2845 (ο
495 2814 515 2835 a
529 2814 574 2835 m.
595 2803 682 2844 rec.)
706 2800 741 2834 S.
836 2805 855 2832 q
875 2799 989 2845 ἔσται]
1015 2799 1090 2833 ἐστὶ
1110 2800 1151 2833 Y.
1251 2807 1265 2826 ¹*
1285 2801 1342 2835 ἐὰν
1364 2800 1567 2834 B.F.S.u.v.
1597 2797 1637 2833 ἂν
1655 2799 1772 2844 vulgo.

263 2860 277 2879 S
297 2854 490 2899 προσέχητε
507 2854 542 2888 S.
574 2854 772 2898 Legebatur
791 2853 984 2897 προσέχητε
1003 2855 1073 2888 τοῖς
1089 2854 1279 2898 πράγμασι.
1348 2855 1359 2879 ἲ
1376 2854 1417 2887 τὰ
1431 2865 1500 2887 om.
1517 2852 1560 2886 Y.
1630 2857 1651 2877 Π
1666 2853 1774 2885 ποιεῖν

263 2919 333 2942 om.
357 2908 442 2941 B.F.
556 2912 570 2927 Χ
592 2906 650 2940 οὖν
670 2918 738 2941 om.
761 2918 812 2952 pr.
836 2906 872 2939 F.
893 2919 899 2939 :
930 2906 1034 2940 habet
1055 2906 1096 2940 B.
1208 2912 1222 2935 5
1239 2906 1394 2952 πώποτε]
1415 2920 1498 2939 ποτε
1516 2906 1556 2940 Y.
1645 2910 1662 2929 Ζ
1684 2904 1773 2938 εἱλό-

263 2961 345 3006 μην]
370 2960 548 3003 ἀνειλόμην
568 2960 610 2994 Y.

1858 2161 1864 2384 f

1856 2500 1863 2744 i

1854 2749 1862 3023 ἔ
