1882 3250
238 156 323 199 198
783 160 1211 199 AHMOEOENO'YE
1364 160 1448 199 ΟΒ.
1473 160 1601 201 XIV.
1622 176 1663 216 p.
1685 162 1780 213 186,
1796 178 1812 208 7

234 265 299 318 ὧν
335 268 500 318 ἑκατὸν
532 269 849 336 παρεσχόμεθ’
878 271 1020 334 ἡμεῖς,
1049 270 1156 324 τοὺς
1194 270 1454 337 προγόνους
1493 274 1634 324 αὐτοῦ
1668 297 1745 341 χι-

233 358 339 404 λιας
373 352 704 405 ἀπολέσαντας
740 360 863 415 ναῦς,
891 353 1140 404 ἀκούσεται
1173 354 1221 404 δὲ
1255 357 1526 420 τριακοσίας
1552 356 1748 411 ἕαύτους

233 433 383 498 ι’ἡμᾶς
422 434 529 485 ἱνῦν
569 435 1084 502 Ι(παρεσκευασμένους
1133 437 1257 487 ὥστε
1294 436 1377 501 1μὴ
1416 442 1598 507 κομιδῇ,
1636 443 1742 504 μηδ’

230 521 268 568 εἰ
317 518 441 569 πάνυ
489 531 711 581 μαίνοιτο,
757 521 947 582 νομίσαι
991 519 1153 588 ῥᾴδιόν
1196 543 1241 571 τι
1291 521 1344 571 τὸ
1389 521 1474 586 τὴν
1518 524 1797 590 ἡμετέρανιο
1847 516 1855 569 ί

158 610 214 662 36
227 600 371 652 πόλιν
401 602 574 668 ἐχθρὰν
605 602 915 666 ποιήσασθαι.
967 603 1099 653 ἀλλὰ
1131 604 1225 668 μὴν
1258 605 1299 655 εἴ
1329 606 1372 670 γ’
1402 607 1475 656 ἐπὶ
1501 605 1743 673 χρήμασιν

226 688 352 755 αὐτῷ
395 688 499 752 μέγ’
540 687 780 754 ἐπέρχεται
819 692 1024 756 φρονεῖν,
1066 691 1141 739 καὶ
1183 688 1358 753 ταύτην
1397 691 1742 757 ἀσθενεστέραν

225 769 447 837 ἀφορμὴν
489 774 570 834 τῆς
615 771 835 837 ὑμετέρας
880 772 1078 838 εὑρήσει.
1139 774 1163 822 ὁ
1208 773 1292 836 μέν
1330 796 1383 838 γε
1427 775 1639 840 χρυσιόν,
1678 774 1741 830 ὥς

223 860 387 921 φασιν,
416 854 518 918 ἄγει
544 855 720 905 111πολύ.
777 861 915 906 τοῦτο
947 855 995 906 δὲ
1031 855 1087 906 ἂν
1118 859 1260 925 διαδῷ
1295 855 1497 922 ζητήσει·
1538 860 1613 908 καὶ
1646 857 1790 926 γὰρι5

221 936 334 991 Πτοὶς
367 938 539 1004 κρήνας
574 942 650 989 καὶ
685 939 745 989 τὰ
780 941 962 1008 φρέατα
995 942 1273 992 0ἐπιλείπειν
1308 941 1528 1009 πέφυκεν,
1561 941 1640 993 εὀίν
1670 967 1739 998 τις
1865 970 1879 997 ,ι

219 1023 298 1072 ἀπ’
340 1023 493 1073 αὐτῶν
537 1022 724 1089 Ρὰθρόα
766 1023 966 1074 Ἷπολλά
1018 1025 1254 1092 λαμβάνῃ·
1307 1025 1414 1088 ἡμῖν
1460 1025 1508 1078 δὲ
1558 1025 1612 1076 τὸ
1657 1031 1739 1091 τῆς

217 1105 373 1205 χώρας
407 1106 583 1170 τίμημα
615 1107 828 1174 ὑπάρχον
854 1106 1074 1175 ἀφορμὴν
1105 1107 1149 1178 [
1157 1109 1457 1176 ἑξακισχίλια
1488 1107 1731 1180 τάλαντα]

218 1211 482 1251 ακουσεται,
510 1189 624 1256 ὑπερ
652 1191 704 1255 ἧς
731 1194 793 1245 ὡς
818 1215 903 1255 μεν
928 1214 1034 1244 τους
1061 1191 1296 1244 Βεπιόντας
1326 1193 1510 1242 ἐκεινων
1535 1194 1734 1256 ἀμυνου-
1748 1224 1788 1246 20
1866 1213 1882 1271 ξι

215 1276 351 1336 μεθα,
379 1297 420 1324 οι
446 1274 737 1339 ῒΜαραθῶνι
769 1280 864 1325 τῶν
895 1274 1145 1342 προγόνων
1181 1277 1322 1327 αὐτοῦ
1359 1276 1555 1340 μάλιστ’
1585 1277 1642 1327 ἂν
1667 1282 1730 1328 εὶ-
1866 1291 1882 1320 ¹

215 1358 344 1419 δεῖεν,
379 1357 463 1411 ἕως
501 1360 541 1409 δ’
574 1356 632 1408 ἂν
670 1362 925 1424 κρατῶμεν,
963 1360 1046 1410 οὐκ
1085 1358 1150 1410 ε”νι
1189 1358 1339 1424 δήπου
1377 1359 1581 1427 χρήμαθ’
1616 1362 1736 1426 ἡμᾶς
1867 1354 1870 1362 ’

214 1444 236 1464 “
251 1441 520 1491 ἐπιλείπειν.

144 1538 199 1579 37
290 1526 385 1574 Καὶ
419 1523 512 1588 μὴν
546 1527 638 1575 οὐδ’
669 1525 694 1576 ὅ
728 1548 847 1579 τινες
883 1527 1076 1589 δεδίασι,
1111 1525 1175 1591 μὴ
1210 1526 1393 1595 ξενικὸν
1427 1527 1586 1579 Χπολὺ
1611 1536 1730 1579 Υσυ-

212 1608 454 1673 στήσηται
480 1609 678 1677 χρήματ’
707 1614 841 1677 ἔχων,
868 1610 1041 1674 ἀληθὲς
1067 1608 1184 1661 εἶναί
1212 1634 1291 1674 μοι
1323 1614 1459 1662 δοκεῖ.
1521 1611 1612 1678 ἐγὼ
1639 1613 1734 1680 γὰρ

211 1776 379 1828 ἄλλων
416 1777 677 1844 βαρβάρων
720 1776 933 1832 πολλοὺς
977 1776 1034 1829 ἂν
1077 1780 1300 1843 ἐθελῆσαι
1343 1785 1438 1830 τῶν
1478 1780 1732 1845 Ἑλλήνων

264 1975 284 2005 g
305 1969 427 2006 αὐτοὺς
445 1970 546 2018 ἡμᾶς]
573 1971 657 2017 ὑμᾶς
677 1974 798 2008 αυτοὺς
816 1974 858 2007 A.
987 1969 1008 1998 h
1028 1973 1113 2017 ἡμᾶς
1134 1973 1168 2008 S.
1199 1973 1283 2017 ὑμᾶς
1302 1973 1420 2019 vulgo.
1545 1969 1554 1998 f
1575 1975 1634 2008 νῦν
1654 1985 1724 2009 om.

210 2022 332 2057 F.O.v.
431 2020 452 2048 k
472 2026 812 2070 παρεσκευασμένους
833 2027 1023 2071 (non—05,
1045 2028 1140 2073 quod
1159 2027 1265 2061 tradit
1285 2028 1423 2072 Reisk.)
1443 2027 1487 2061 A.
1527 2027 1728 2074 Legebatur

208 2078 550 2121 παρεσκευασμένους
569 2078 727 2125 τριήρεις.
815 2077 826 2104 l
844 2080 888 2124 μὴ
909 2092 980 2114 om.
1002 2081 1044 2114 A.
1138 2087 1166 2105 m
1188 2080 1277 2115 πολύ
1299 2081 1416 2115 addidi
1436 2093 1479 2115 ex
1500 2080 1537 2116 S.
1627 2087 1648 2106 ¹1
1667 2082 1728 2117 τὰς

209 2128 346 2176 κρήνας]
370 2131 404 2164 αἶ
424 2132 538 2175 κρῆναι
557 2132 599 2166 Α.
698 2138 716 2157 0
737 2133 939 2179 ἐπιλείπειν]
964 2134 1132 2168 ἐπιλιπειν
1151 2146 1183 2168 v·
1204 2140 1239 2168 et
1258 2147 1310 2180 pr.
1327 2134 1371 2169 Y.
1475 2140 1495 2168 P
1514 2133 1621 2179 ἁθρόα
1639 2136 1681 2169 A.
1686 2135 1725 2169 F.

211 2181 240 2215 Y
244 2182 300 2216 ..O
329 2183 436 2228 ἀθρόα
454 2185 571 2230 vulgo.
676 2194 693 2222 q
715 2187 830 2220 πολλὰ
849 2187 890 2220 Α.
935 2187 1135 2233 Legebatur
1154 2188 1207 2221 καὶ
1225 2188 1352 2222 πολλά.
1453 2187 1721 2234 ιἐξακισχίλια]

208 2233 446 2281 ὀκτακισχίλια
465 2238 505 2272 F
510 2251 543 2274 v.
565 2239 687 2284 quod
679 2252 714 2273 111
738 2240 826 2274 libro
850 2252 914 2274 suo
937 2241 1023 2286 legit
1043 2241 1289 2286 Harpocratio,
1310 2241 1410 2286 cujus
1436 2241 1510 2275 haec
1536 2247 1589 2275 est
1614 2253 1724 2276 anno-

207 2289 307 2330 tatio,
333 2289 386 2323 ὅτι
414 2290 631 2336 ἑξακισχίλια
660 2291 699 2335 ἧν
721 2294 871 2327 τάλαντα
896 2294 936 2327 τὸ
959 2295 1085 2338 τίμημα
1108 2295 1167 2337 τῆς
1187 2293 1353 2338 Ἀττικῆς·
1385 2294 1641 2338 Δημοσθένης’
1624 2309 1659 2328 εν
1678 2297 1725 2342 τῷ

207 2343 284 2387 περὶ
304 2347 503 2389 συμμοριῶν
518 2346 628 2389 φησιν
646 2360 764 2386 ουτως,
783 2351 804 2365 “
817 2346 894 2389 ἡμῖν
913 2347 949 2381 δέ
969 2348 1008 2381 τὸ
1029 2349 1087 2391 τῆς
1107 2349 1218 2392 χώρας
1237 2348 1362 2392 τίμημα
1383 2348 1546 2392 ὑπάρχειν
1564 2347 1724 2393 ἀφορμὴν

207 2394 445 2441 ὀκτακισχίλια
463 2399 613 2432 τάλαντα
631 2398 845 2433 ἅκοῦσεται.”
879 2401 951 2437 ν’ίτοι
972 2399 1030 2434 οὖν
1049 2401 1218 2447 γραφικόν
1237 2400 1415 2447 ἁμάρτημά
1434 2401 1540 2442 ἐστιν,
1562 2399 1580 2444 ἢ
1600 2400 1685 2436 ’ίσως
1704 2402 1722 2435 ὀ

205 2447 318 2494 ῥήτωρ
345 2451 562 2495 συναρπάζει,
590 2450 643 2485 ἵνα
668 2452 749 2495 δοκῇ
777 2452 884 2486 πλείω
913 2453 973 2497 τὴν
997 2453 1156 2499 ἀφορμὴν
1185 2455 1276 2499 ἔχειν
1302 2455 1320 2498 ἡ
1349 2456 1450 2490 πόλις
1478 2455 1526 2490 εἷς
1553 2455 1612 2488 τὸν
1637 2456 1723 2501 πρὸς

204 2504 353 2541 βασιλέα
379 2505 542 2547 πόλεμον.
582 2504 634 2539 ὅτι
656 2506 722 2551 γὰρ
742 2507 957 2550 ἑξακισχίλια
981 2508 1130 2541 τάλαντα
1154 2506 1193 2550 ἧν
1211 2509 1251 2541 τὺ
1270 2508 1396 2551 τίμημα
1418 2509 1477 2551 τῆς
1495 2509 1650 2551 Ἀττικῆς
1669 2509 1723 2543 καὶ

205 2555 368 2591 λυθέντος
395 2557 430 2590 ἐν
455 2559 527 2593 τοῖς
553 2559 629 2602 ἑξῆς
653 2562 712 2593 τοῦ
741 2561 847 2606 λόγου
873 2561 994 2604 φησὶν,
1017 2562 1190 2605 λογισμὸν
1212 2562 1321 2595 αὐτῶν
1340 2562 1453 2597 διδοὺς
1475 2561 1647 2602 ποικίλως,
1669 2562 1722 2596 καὶ

205 2610 394 2656 Φιλόχορος
415 2610 450 2643 ἐν
469 2611 595 2658 δεκάτῳ
614 2611 782 2648 Ἀτθίδος.
824 2613 933 2647 Recte
953 2626 1035 2648 vero
1057 2614 1253 2648 Schaefcrus
1275 2615 1444 2659 judicavit
1466 2621 1631 2649 neutrum
1655 2627 1720 2649 nu-

204 2673 340 2696 merum
360 2664 402 2697 ab
423 2664 664 2700 Demosthene
689 2666 859 2712 scriptum
879 2679 966 2708 esse,
987 2668 1048 2702 sed
1068 2667 1268 2714 interpretis
1287 2669 1391 2702 verba
1411 2669 1470 2702 illa
1490 2680 1565 2702 esse
1585 2669 1719 2712 ἑξακισ-

1867 1374 1870 1391 Ι

1867 1402 1871 1570 ἱ

1868 1573 1871 1652 Ε

212 1692 414 1757 ἡγοῦμαι
449 1696 523 1744 ἐπὶ
557 1693 641 1756 μὲν
671 1694 914 1759 Αἴγυπτον
949 1698 1023 1745 καὶ
1059 1695 1327 1761 ΖὈρόνταν
1362 1697 1442 1746 καί
1473 1720 1601 1751 τινας
1634 1703 1728 1750 τῶν
1741 1724 1779 1755 25
1868 1653 1873 1892 ἰ

1871 2138 1874 2194 ἶ

1871 2214 1875 2272 ἱ

1871 2310 1875 2346 ἕ

202 2716 297 2760 χίλια
318 2718 480 2751 τάλαντα.
575 2724 590 2743 S
610 2719 784 2763 ἐπιόντας)
807 2721 962 2756 εἰπόντας
980 2733 1031 2766 pr.
1055 2722 1090 2755 S.
1184 2721 1198 2746 t
1219 2723 1400 2766 Μαραθῶνι
1419 2723 1460 2756 A.
1482 2728 1518 2756 et
1536 2736 1592 2766 γρ.
1611 2722 1654 2756 Υ.
1685 2725 1721 2756 ἐν

204 2770 386 2814 Μαραθῶνι
405 2771 524 2817 vulgo.
573 2772 619 2806 Et
640 2773 688 2807 sic
709 2774 744 2807 S.
765 2786 906 2819 quoque
929 2775 989 2820 qui
1015 2776 1067 2809 καὶ
1095 2776 1270 2819 σαλαμῖνι,
1291 2776 1386 2821 quod
1406 2776 1441 2809 in
1459 2790 1516 2821 γρ.
1538 2775 1645 2809 habet
1664 2775 1718 2815 F„

202 2880 220 2907 y
240 2876 474 2924 συστήσηται]
499 2878 712 2923 συστήσεται
731 2891 764 2915 v.
931 2886 948 2907 Ζ
968 2879 1134 2928 Ὀρόνταν
1153 2882 1283 2917 A.F.S.
1315 2896 1481 2928 ορρονταν
1498 2880 1591 2918 Ῡ.Ο.
1621 2880 1718 2927 ὀρόν-

1872 2539 1875 2566 ί

1873 2733 1877 2754 ι

202 2833 273 2856 non
293 2823 398 2858 habet
419 2825 461 2858 B.
607 2833 626 2851 U
647 2825 834 2862 ἐπιλείπειν
853 2828 878 2862 S
921 2828 1090 2862 ἐπιλιπεῖν
1108 2829 1229 2875 vulgo.
1378 2834 1398 2854 Χ
1418 2828 1525 2875 πολὺ]
1552 2828 1661 2862 πολὺν
1682 2828 1717 2863 S.
1872 2811 1877 2857 Ι

1873 2883 1877 2907 ἲ

200 2942 261 2972 την
279 2941 310 2963 v.
339 2928 525 2975 Ὀρρόντην
543 2933 662 2979 vulgo.
1872 2918 1876 3004 ξ

1873 3033 1877 3059 Ρ
