1930 3266
70 209 165 253 329,
184 213 238 238 24.
593 200 719 236 ΠΕΡΙ
749 199 859 237 ΤΟΎ
889 199 1198 237 ΣΤΕΦΑΝΟΎ.
1565 198 1650 239 347

136 309 184 361 δὲ
210 307 454 373 βοήθειαῆ
487 311 674 372 οκτῆσις
708 309 883 362 εὐνοίας
922 308 950 372 ὴ
986 307 1157 375 δόξης;
1197 310 1266 361 τίς
1302 307 1349 358 δὲ
1383 310 1646 374 πρεσβείας

134 394 203 446 τίς
229 394 436 443 διακονία
462 394 519 442 δι’
548 390 605 455 ἢν
631 392 659 455 ἡ
685 390 825 445 πόλις
860 391 1154 457 ἀέντιμοτέρα
1175 413 1186 451 ;
1227 392 1276 442 τί
1297 396 1390 440 τῶν
1417 393 1593 441 οἰκείων
1619 390 1743 455 ἢ329

1263 473 1614 540 ΐέπηνώρθωται
1635 497 1646 535 ;

134 480 227 526 τῶν
251 477 550 538 Ἑλληνικῶν
576 477 651 524 καὶ
677 475 883 542 ξενικῶν,
904 474 996 528 ‘³055=
1023 475 1236 536 ἐπέστης,

133 563 262 609 ποῖαι
305 557 501 624 τριήρεις
523 579 533 617 ;
575 563 715 608 ἕποῖα
765 557 917 621 βέλης
957 563 1082 609 ποῖοι
1128 557 1398 617 νεώσοικοι;
1439 558 1508 610 τίς
1552 559 1649 608 ἐπι-

135 640 279 704 σκευὴ
304 646 504 708 τειχῶν;
547 646 681 691 ποῖον
721 639 938 701 ἱππικόνς
979 642 1027 691 τί
1055 646 1150 691 τῶν
1183 641 1404 692 ἁπάντων
1430 639 1493 690 σὺ
1525 639 1643 706 χρή-
1663 658 1678 686 5

135 748 276 789 σιμος
314 723 384 775 1Ῑεῖ
403 747 416 787 ;
459 726 528 777 τίς
559 724 588 789 ἢ
625 730 722 778 τοῖς
754 724 964 790 εὐπόροις
997 723 1026 788 ἢ
1067 730 1163 778 τοῖς
1204 724 1396 790 ἀπόροις
1429 722 1648 787 πολιτικὴ

38 819 120 874 385
136 812 211 859 καὶ
245 807 372 872 κοινὴ
398 808 593 873 βοήθεια
631 807 903 875 ἰχρημάτων
927 831 938 869 ;
983 807 1217 870 Κοὺδεμία.
1260 809 1387 870 ἀλλ’,
1414 805 1450 857 εἶ)
1486 812 1585 868 τᾶν,
1613 811 1650 856 εὶ

133 891 277 956 μηδὲν
314 890 521 955 1τούτων,
561 891 712 943 εὔνοιά
757 899 850 957 11“γε
895 894 970 942 καὶ
1010 892 1247 957 προθυμία
1266 913 1277 951 ;
1318 896 1436 941 Πποῦ
1456 912 1467 951 ;
1507 889 1648 950 πότε;

135 974 279 1037 ὅστις,
301 973 336 1025 ὦ
362 974 552 1026 πάντων
573 976 839 1037 ἀδικώτατε,
868 976 962 1025 οὐδ’
992 974 1068 1025 ὅτε
1095 973 1308 1036 ἅπαντες,
1337 973 1442 1024 ὅσοι
1469 974 1646 1025 πώποτ’
1668 1001 1705 1022 ιο

133 1059 409 1127 ἐφθέγξαντ’
433 1061 507 1110 ἐπὶ
533 1065 616 1110 τοῦ
643 1059 869 1123 βήματος,
890 1062 977 1112 Οεἷς
1003 1059 1243 1124 σωτηρίαν
1263 1059 1554 1119 ἐπεδίδοσαν,
1575 1060 1651 1108 καὶ

133 1141 188 1192 τὸ
213 1147 478 1193 τελευταῖον
502 1141 829 1208 Ἀριστόνικος
865 1141 919 1191 τὸ
946 1142 1308 1206 συνειλεγμένον
1334 1146 1395 1194 εἰς
1430 1140 1516 1204 τὴν
1547 1143 1646 1191 ἐπι-

134 1227 290 1290 τιμίαν
308 1226 571 1292 Ροἰργύριον,
593 1226 696 1277 οὐδὲ
721 1225 825 1276 τότε
853 1227 984 1276 Ἷοῦτε
1011 1228 1252 1291 παρῆλθες
1279 1226 1398 1275 roffi?
1419 1224 1652 1277 ἐπέδωκας

135 1309 278 1371 οὐδὲν,
306 1311 387 1360 οὐκ
414 1312 615 1376 ἀπορῶν,
642 1314 741 1362 πῶς
775 1308 867 1375 γάρ
886 1336 895 1369 3
939 1309 989 1362 ὅς
1027 1331 1080 1373 γε
1120 1307 1529 1374 κεκληρονόμηκας
1567 1306 1703 1368 μένῐ5

134 1398 250 1444 8τῶν
277 1393 491 1447 Φίλωνος
529 1399 612 1443 τοῦ
646 1395 876 1457 κηδεστοῦ
917 1391 1170 1459 χρημάτων
1195 1390 1429 1442 πλειόνων
1455 1390 1483 1455 ἢ
1510 1392 1646 1441 ῒπεν-

133 1475 445 1538 τεταλοὶντων,
492 1477 772 1527 διτάλαντον
817 1478 854 1526 δ’
898 1474 1014 1543 εἶχες
1057 1476 1220 1541 ἔρανον
1265 1483 1286 1501 ¹¹
1303 1474 1481 1541 δωρεὰν
1521 1473 1652 1539 παρὰ

135 1565 255 1612 Χτῶν
281 1559 521 1626 ἡγεμόνων
547 1565 640 1611 τῶν
666 1564 942 1625 συμμοριῶν
969 1561 1040 1627 ἐφ’
1072 1559 1138 1612 οἷς
1165 1557 1384 1622 ἐλυμήνω
1410 1558 1492 1608 τὸν
1518 1581 1647 1624 τριη-

40 1656 123 1711 386
135 1643 359 1711 ραρχικὸν
385 1644 543 1707 νόμον.
587 1645 695 1694 ἀλλ’
723 1645 800 1694 ἵνα
832 1643 897 1707 μὴ
924 1643 1072 1708 λόγον
1108 1645 1157 1693 ἐκ
1194 1641 1342 1708 λόγου
1379 1643 1534 1708 λέγων
1568 1648 1651 1692 τοῦ

3 1737 5 1754 ³
133 1729 366 1796 παρόντος
421 1728 620 1792 ἐμαυτὸν
670 1728 925 1795 ἐκκρούσω,
975 1728 1262 1794 παραλείψω
1313 1732 1476 1776 ταῦτα.
1538 1728 1648 1776 ἀλλ’
1667 1746 1706 1766 20

133 1812 205 1864 ὅτι
242 1814 284 1878 γ’
322 1814 424 1880 οὐχὶ
460 1813 515 1864 δι’
550 1813 725 1863 ἔνδειαν
762 1813 844 1862 οὐκ
881 1820 895 1847 y
905 1812 1153 1873 ἐπέδωκας,
1185 1813 1233 1860 ἐκ
1274 1809 1453 1861 τούτων
1493 1812 1652 1873 δῆλον,

134 1895 264 1947 ἀλλὰ
305 1896 561 1964 φυλάττων
599 1895 652 1946 τὸ
695 1895 838 1960 μηδὲν
875 1897 1082 1946 ε’ναντίον
1121 1894 1344 1960 γενέσθαι
1386 1893 1517 1958 παρὰ
1562 1900 1653 1944 σοῦ

134 1981 313 2034 Τούτοις
340 1980 405 2033 Οἷς
427 1980 612 2031 ἅπαντα
637 1979 911 2031 ΖπΟλίΤΕύΕί.
953 1981 1001 2029 ἐν
1028 1980 1153 2029 Tio-LV
1180 1980 1261 2029 Οὖῖ]
1282 1978 1345 2028 σὺ
1373 1979 1551 2031 νεανίας
1578 1979 1653 2028 Καὶ

134 2065 306 2128 πηνίκα
333 2063 581 2130 λαμπρός;
622 2072 639 2090 ‘²
658 2064 770 2126 ἡνίκ’
801 2062 858 2113 ἂν
879 2062 999 2113 κατὰ
1024 2064 1219 2113 τουτωνὶ
1244 2060 1263 2088 b
1281 2062 1374 2129 δέῃ,
1401 2063 1449 2111 ἐν
1475 2060 1655 2113 τούτοις

190 2198 206 2217 ⁰
225 2192 359 2237 κτῆσις]
384 2192 494 2228 κτίσις
514 2192 559 2227 O.
659 2188 676 2216 d
699 2192 910 2238 ἐντιμοτέρα]
937 2192 1136 2238 Legebatur
1157 2192 1353 2236 ἐντιμοτέρα
1372 2192 1504 2237 γέγονε.
1534 2193 1655 2236 γέγονε

137 2257 207 2280 om.
232 2246 266 2279 S.
288 2252 325 2280 et
344 2246 540 2280 Alexander
561 2246 596 2279 in
613 2246 738 2279 Walzii
758 2246 864 2280 Rhet.
886 2247 954 2280 vol.
974 2245 1009 2280 8.
1032 2259 1066 2291 p.
1089 2256 1179 2292 474,
1198 2253 1230 2291 7.
1248 2245 1344 2278 addit
1364 2250 1483 2278 tamen
1502 2245 1653 2278 Alexan-

138 2299 190 2332 dri
209 2299 319 2333 codex
340 2299 448 2333 Paris.
470 2298 583 2345 2087.
708 2304 723 2323 θ
744 2297 811 2343 οἷς]
834 2299 873 2334 ἁς
896 2299 930 2333 S.
961 2296 1012 2334 αἷς
1033 2299 1181 2333 O.t.u.v.
1215 2297 1270 2343 ἐφ’
1290 2295 1310 2331 ἂ
1332 2299 1474 2332 A.k.r.s.
1507 2296 1556 2333 οἷς
1576 2298 1652 2331 ἐπέ-

138 2366 222 2395 στης
241 2364 313 2387 om.
337 2352 416 2398 F.p.
491 2349 506 2376 f
524 2352 762 2397 ἐπηνώρθωται
785 2352 818 2385 S.
852 2352 1051 2397 Legebatm·
1072 2352 1307 2396 ἐπηνώρθωται
1328 2352 1382 2385 διὰ
1402 2352 1457 2386 σέ.
1540 2357 1554 2377 1³
1573 2353 1655 2384 ποῖα

136 2406 239 2452 βέλη]
263 2406 343 2439 ποία
361 2406 471 2449 βουλὴ
491 2406 533 2440 Y.
671 2402 691 2429 h
713 2401 762 2450 εἶ]
786 2404 927 2450 γέγονας
946 2406 1059 2439 A.k.s.
1196 2401 1205 2428 i
1225 2404 1424 2450 χρημάτων]
1451 2405 1654 2438 Addebatur

137 2460 227 2504 παρὰ
247 2460 325 2498 σοῦ,
347 2459 443 2503 quod
461 2471 530 2492 om.
555 2458 604 2499 S.,
625 2458 661 2492 id
681 2470 790 2504 marg.
811 2459 917 2492 habet
932 2460 974 2492 A.
1006 2458 1081 2503 περὶ
1105 2460 1170 2491 σοῦ
1193 2464 1245 2491 est
1264 2458 1301 2491 in
1322 2470 1347 2492 s.
1474 2454 1494 2481 k
1515 2457 1654 2499 οὐδεμία

137 2517 217 2556 post
236 2512 417 2555 χρημάτων
437 2513 548 2545 A.k.s.
570 2524 638 2546 om.
660 2524 690 2547 r.
801 2508 811 2535 Ῑ
831 2510 977 2557 τούτων]
999 2512 1133 2545 πάντων
1152 2512 1267 2545 A.k.s.
1367 2516 1397 2534 m
1416 2510 1472 2556 γε]
1498 2525 1548 2545 τις
1567 2510 1652 2544 O.u.

139 2570 159 2588 Π
174 2565 256 2610 ποῦ]
281 2564 361 2598 ὅτου
382 2573 558 2599 correctus
580 2566 614 2598 S.
726 2570 743 2589 0
763 2564 810 2600 εἷς
830 2565 999 2609 σωτηρίαν
1017 2564 1236 2609 ἐπεδίδοσαν]
1261 2562 1463 2597 ἐπεδίδοσαν
1479 2564 1525 2598 εἷς
1542 2577 1652 2605 σωτη-

136 2616 212 2662 ρίαν
230 2618 343 2653 A.k.S.
502 2627 521 2656 Ρ
550 2617 711 2664 ἀργύριον
739 2623 819 2663 post
843 2618 1105 2663 συνειλεγμένον
1135 2617 1491 2661 F.Y.Q.O.p.r.t.u.v.
1522 2628 1591 2650 om.
1615 2616 1651 2650 S.

138 2676 158 2703 q
177 2672 254 2704 οὕτε
275 2683 344 2705 om.
369 2672 557 2710 F.Q.S.t.v.
669 2677 684 2695 Γ
703 2670 792 2716 οὔτ’]
819 2672 895 2704 οὐδὲ
917 2671 961 2709 Q.
1084 2676 1098 2695 S
1121 2670 1203 2715 τῶν]
1230 2672 1290 2703 τοῦ
1312 2682 1375 2716 p.1·.
1500 2669 1514 2693 t
1534 2684 1651 2702 πεντε-

139 2724 312 2757 ταλάντων
332 2725 507 2759 Reiskius.
548 2724 647 2758 πέντε
666 2725 840 2757 ταλάντων
859 2724 951 2758 libri.
1108 2729 1129 2747 U
1153 2724 1279 2768 δωρεὰν
1298 2723 1335 2755 in
1355 2734 1464 2767 marg.
1484 2723 1590 2756 habet
1611 2723 1652 2756 A.

140 2781 160 2800 X
179 2779 245 2810 τῶν
265 2777 452 2823 ἡγεμόνων]
477 2780 536 2812 τοῦ
557 2778 720 2822 ἡγεμόνος
739 2789 773 2822 p.
884 2783 903 2809 Y
924 2776 1106 2821 ἐπέδωκας]
1129 2776 1302 2810 ἀπέδωκας
1322 2775 1404 2809 O.u.
1516 2781 1533 2799 Ζ
1554 2778 1653 2809 πολι-

140 2828 245 2876 τεύει]
272 2830 495 2865 Scribebatur
514 2829 691 2873 πολιτεύῃ.
799 2835 817 2854 a
838 2829 918 2872 ἡνίκ’
938 2828 978 2863 ἂν
993 2830 1075 2863 κατὰ
1095 2830 1237 2862 τουτωνὶ
1256 2829 1331 2875 δέῃ]
1355 2829 1554 2873 Legebatur
1574 2827 1653 2871 ἡνίκ’

141 2879 180 2915 ἂν
199 2883 302 2916 εἰπεῖν
322 2885 403 2917 κατὰ
423 2883 553 2918 τούτων
571 2898 602 2917 τι
623 2884 692 2926 δέῃ.
733 2883 837 2916 εἰπεῖν
867 2895 937 2917 om.
967 2895 1020 2928 pr.
1046 2883 1080 2916 S.
1112 2895 1216 2928 supra
1244 2897 1276 2915 τι
1304 2882 1405 2927 ponit
1433 2894 1501 2915 rec.
1526 2882 1562 2915 S.
1584 2894 1654 2927 quo

141 2935 356 2980 significatur
381 2937 486 2971 εἰπεῖν
506 2952 538 2970 τι
559 2937 779 2970 scribendum
801 2948 887 2975 esse,
908 2942 946 2969 ut
973 2936 1102 2981 legitur
1125 2936 1161 2969 in
1181 2936 1296 2970 A.k.s.
1340 2935 1382 2969 In
1409 2947 1478 2970 u.v.
1502 2940 1555 2968 est
1574 2934 1655 2978 ἡνίκ’

140 2985 182 3021 ἂν
200 2989 304 3023 εἰπεῖν
324 3004 356 3023 τι
376 2991 458 3024 κατὰ
479 2989 607 3024 τούτων
627 2990 696 3031 δὲῃ.
807 2985 827 3013 b
848 2989 923 3034 δέῃ]
949 2990 1018 3023 δέοι
1038 2989 1284 3028 F.Y.Q.O.r.t.

834 3065 909 3103 Yy
938 3063 957 3089 2
