1930 3266
209 475 292 529 387

311 192 396 231 348
853 194 1278 232 ΔΗΜΟΣΘΕΝΟΎΣ
1365 192 1446 230 On.
1471 191 1653 230 XVIII.
1678 204 1717 244 p.
1737 200 1833 244 329,
1851 204 1930 228 25-

309 302 790 372 λαμπροφωνότατος,
841 303 1262 368 μνημονικώτατος,
1315 303 1564 369 ὑποκριτὴς
1615 303 1820 369 ἄριστος,
1837 326 1873 356 ²5
1928 325 1930 329 ⁴

308 387 528 454 τραγικὸς
556 389 826 454 Θεοκρίνης

384 470 503 523 Εἶτα
529 477 622 523 τῶν
648 470 877 538 πρότερον
906 493 1224 537 γεγενημενων
1249 472 1465 536 οάγαθῶν
1491 472 1675 536 ἀνδρῶν
1699 470 1818 533 με’μ-

308 578 464 620 νησαι.
521 557 596 605 καὶ
641 559 798 608 καλῶς
841 559 998 608 ποιεῖς.
1046 555 1099 604 οὐ
1144 576 1301 616 μεντοι
1342 552 1517 604 δίκαιόν
1562 556 1705 615 ἐστιν,

308 638 472 737 ανδρες
510 640 767 702 Ἀθηναῖοι,
805 637 891 701 τὴν
932 661 1049 704 προς
1083 636 1190 691 τοὺς
1225 636 1611 701 τετελευτηκότας
1645 639 1824 688 εὔνοιαν

309 722 619 789 ὑπάρχουσαν
645 720 990 788 εξπρολαβόντα
1027 745 1125 788 παρ
1167 723 1294 785 ὑμῶν
1328 722 1447 787 πρὸς
1485 722 1681 774 ἐκείνους
1718 721 1820 789 ἐξε-
1838 731 1918 774 330

1210 803 1224 831 f

307 805 458 871 τάζειν
496 829 572 856 και
609 805 943 872 παραβαλλειν
979 805 1056 869 ἐμὲ
1091 806 1173 856 τὸν
1232 811 1314 856 νῦν
1355 806 1504 871 ζῶντα
1543 808 1645 868 μεθ’
1682 806 1822 868 ὑμῶν.

822 894 842 904 Α

208 901 291 955 388
306 892 375 943 τίς
408 889 500 956 γὰρ
539 890 621 940 οὐκ
656 887 747 941 οἶδε
780 913 874 941 των
908 890 1128 941 ἕπάντων
1167 889 1235 940 ὅτι
1278 894 1373 942 τοῖς
1408 888 1493 952 μὲν
1528 887 1643 954 ζῶσι
1675 893 1825 939 πᾶσιν

306 974 481 1025 ὕπεστί
509 996 578 1027 τις
613 971 642 1036 ἢ
676 974 854 1025 πλείων
879 971 908 1037 ἢ
936 971 1145 1024 ἐλάττων
1172 973 1363 1042 φθόνος,
1390 972 1498 1026 τοὺς
1535 971 1553 999 ¹¹
1570 976 1852 1026 τεθνεῶτας5

306 1057 354 1108 δὲ
381 1055 486 1108 οὐδὲ
512 1061 607 1107 τῶν
634 1058 816 1124 ἐχθρῶν
841 1057 986 1109 οὐδεὶς
1021 1057 1087 1107 ε”τι
1112 1062 1276 1120 μισεῖ,
1323 1058 1468 1110 οὕτως
1494 1055 1596 1107 ἰοῦν
1621 1055 1825 1123 ἐχόντων

305 1140 484 1191 τούτων
509 1144 567 1208 τῇ
608 1141 765 1209 φύσει,
792 1139 911 1206 πρὸς
949 1139 1056 1194 τοὺς
1094 1139 1214 1207 1(πρὸ
1245 1143 1444 1203 ἐμαυτοῦ
1471 1147 1552 1191 νῦν
1579 1139 1671 1206 ε’γῶ
1699 1139 1821 1207 1κρί--

307 1249 456 1288 νωμαι
495 1227 570 1275 καὶ
619 1229 862 1291 θεωρῶμαι
884 1247 897 1287 3
940 1228 1181 1289 μηδαμῶς·
1226 1226 1330 1276 οὔτε
1375 1223 1469 1291 γὰρ
1515 1225 1690 1276 δίκαιον
1728 1226 1821 1276 οὔτ’

305 1316 336 1335 ¹¹¹
353 1309 474 1371 ἰ’σον,
503 1309 724 1376 Αἰσχίνη,
751 1307 883 1359 ἀλλὰ
907 1306 1026 1374 πρὸς
1062 1307 1121 1358 σὲ
1155 1310 1230 1358 καὶ
1265 1308 1419 1359 ἄλλον
1452 1308 1523 1359 ῐΙεῖ
1545 1331 1649 1359 τινα
1675 1315 1693 1335 ⁰
1702 1309 1821 1370 βού-

207 1405 290 1458 389
307 1401 378 1444 λει
417 1398 512 1445 τῶν
553 1392 740 1443 Ρταύτά
783 1416 864 1443 σοι
903 1391 1240 1460 προῃρημένων
1282 1394 1356 1442 καὶ
1399 1391 1598 1457 ζώντων.
1642 1395 1823 1443 κάκεῖνο
1841 1422 1879 1442 10
1922 1386 1928 1401 ’

305 1477 489 1529 σκόπει.
531 1476 731 1543 πότερον
769 1476 971 1528 κάλλιον
1013 1480 1089 1527 καὶ
1133 1477 1320 1540 ἄμεινον
1362 1481 1420 1544 τῇ
1460 1476 1596 1528 πόλει
1632 1476 1707 1528 διὰ
1742 1477 1825 1531 τὰς

305 1566 400 1612 τῶν
438 1560 703 1628 Ἷπρότερον
742 1561 1023 1626 εὐεργεσίας,
1052 1561 1198 1614 οὔσας
1238 1560 1576 1627 ὑπερμεγέθεις,
1615 1568 1629 1587 ¹
1649 1562 1703 1612 οὐ
1740 1559 1826 1624 μὲν

306 1646 388 1696 οὖν
414 1645 533 1697 ε’ίποι
571 1668 640 1699 τις
678 1644 735 1695 ἂν
774 1645 954 1708 ἡλίκας,
989 1643 1072 1697 τὰς
1113 1645 1187 1694 ε’πὶ
1222 1643 1304 1694 τὸν
1341 1643 1554 1711 παρόντα
1589 1646 1696 1706 βίον
1722 1667 1826 1710 γιγ-

1802 1728 1819 1747 ,X

307 1728 501 1793 νομένας
549 1733 612 1782 εἰς
670 1728 973 1795 5οἰχαριστίαν
1024 1730 1099 1777 καὶ
1148 1727 1549 1793 προπηλακισμὸν
1600 1728 1745 1794 ἄγειν,
1796 1753 1825 1794 η

304 1818 469 1876 πᾶσιν,
509 1813 615 1864 ὅΟὌι
649 1835 692 1863 ‘rt
733 1813 829 1876 μετ’
876 1812 1052 1865 Gouola?
1089 1811 1367 1878 πράττουσι,
1407 1812 1510 1876 ἵΤῆς
1547 1813 1677 1879 παρὰ
1719 1813 1876 1866 ΤΟύ-ῙΞ
1927 1859 1930 1866 .

207 1923 292 1965 390
305 1920 400 1949 των
433 1900 568 1961 τιμῆς
609 1898 684 1948 καὶ
721 1896 1082 1965 φιλανθρωπίας
1117 1901 1355 1959 μετεῖναι;
1401 1898 1477 1947 καὶ
1511 1896 1605 1961 μὴν
1637 1901 1674 1947 εἰ
1713 1900 1825 1948 “καὶ

305 1983 427 2032 τοῦτ’
456 1982 548 2047 ἄρα
584 1985 655 2032 δεῖ
682 2004 740 2045 με
775 1985 930 2043 εἰπεῖν,
955 1980 982 2044 ἡ
1019 1978 1105 2044 μὲν
1131 1980 1216 2044 ἐμὴ
1243 1982 1457 2031 πολιτεία
1496 1983 1571 2038 καὶ
1601 1982 1821 2047 προαίρε-

305 2087 398 2128 σις,
438 2064 496 2115 ἄν
540 2087 609 2119 τις
651 2066 800 2128 ὀρθῶς
846 2067 1021 2131 σκοπῇ,
1066 2068 1165 2117 ταῖς
1209 2068 1304 2114 τῶν
1349 2063 1443 2114 τότ’
1484 2064 1825 2128 ἐπαινουμένων

305 2150 524 2214 Χοἰνδρῶν
568 2147 704 2211 ὁμοία
755 2149 829 2198 καὶ
880 2146 1027 2198 ταύτὰ
1070 2148 1338 2212 βουλομένη
1379 2148 1658 2216 φανήσεται,
1704 2149 1731 2212 ἡ
1775 2147 1823 2199 δὲ
1838 2172 1878 2195 20

304 2232 397 2296 Υσὴ
423 2236 524 2286 ταῖς
549 2236 643 2282 τῶν
669 2230 776 2284 τοὺς
814 2238 831 2256 ²
848 2231 1084 2284 τοιούτους
1117 2231 1222 2282 τότε
1247 2232 1690 2300 συκοφαντούντων·
1735 2234 1820 2295 δῆ-

362 2417 378 2436 ⁰
396 2411 531 2457 ἀγαθῶν
549 2411 679 2457 ἀνδρῶν
701 2410 979 2456 S.Y.Q.k.p.r.s.
1017 2411 1217 2456 Legebatur
1236 2411 1367 2457 ἀνδρῶν
1385 2411 1533 2457 ἀγαθῶν.
1661 2408 1680 2436 d
1710 2407 1736 2446 ὦ
1754 2423 1824 2446 om.

309 2480 470 2516 S.O.u.v.
516 2481 557 2515 111
588 2482 631 2515 A.
663 2487 716 2515 est
745 2462 784 2516 g).
938 2486 953 2505 e
985 2481 1224 2527 προλαβόντα]
1255 2482 1503 2527 προσλαβόντα
1533 2481 1826 2528 F.Q.k.p.r.s.t.v.

306 2531 322 2558 f
339 2537 397 2569 νῦν
418 2536 524 2577 ζῶντα
545 2534 717 2570 S.Y.O.u.
740 2540 775 2568 et
795 2540 972 2569 correctus
991 2546 1023 2567 v.
1065 2535 1219 2576 συζῶντα
1239 2535 1357 2580 vulgo.
1500 2541 1521 2568 ἕ
1539 2535 1690 2582 πάντων]
1715 2535 1821 2570 ἁπάν-

306 2602 374 2622 των
393 2600 421 2622 s.
515 2585 535 2612 h
555 2589 738 2623 τεθνεῶτας
759 2588 795 2622 δέ
817 2587 1208 2633 A.F.S.Y.O.p.r.s.t.u.
1240 2588 1440 2634 Legebatur
1459 2588 1494 2622 δέ
1514 2590 1710 2629 τεθνεῶτας,
1731 2589 1826 2634 quod

308 2641 472 2675 Reiskius
493 2654 535 2675 ex
555 2642 632 2675 cod.
654 2642 746 2687 Aug.
768 2642 922 2676 secundo
942 2647 1119 2687 posuerat.
1248 2638 1258 2666 i
1279 2640 1338 2675 οὖν
1357 2654 1427 2676 om.
1451 2641 1496 2676 Ο.
1627 2638 1648 2666 k
1667 2643 1734 2688 πρὸ
1754 2654 1825 2676 om.

306 2695 424 2731 A.k.s.
536 2692 545 2719 Ῑ
569 2695 728 2739 κρίνωμαι
748 2696 800 2728 καὶ
821 2695 1012 2741 θεωρῶμαι]
1038 2695 1190 2739 κρίνομαι
1211 2696 1263 2729 καὶ
1283 2695 1458 2740 θεωρῶμαι
1479 2695 1569 2734 Y.Q.
1601 2693 1754 2742 κρίνομαι
1773 2696 1825 2729 καὶ

307 2748 495 2793 θεωροῦμαι
514 2747 782 2783 A.O.k.r.t.u.v.
882 2753 907 2768 ¹¹¹
927 2746 1023 2794 ἴσον]
1047 2747 1127 2782 ἰ’σον
1147 2749 1242 2782 ἐστίν
1262 2748 1388 2787 Q.O.r.
1491 2754 1510 2773 ¹¹
1531 2747 1562 2782 εἴ
1578 2748 1668 2795 τινα]
1694 2749 1732 2783 ὅν
1752 2763 1826 2783 τινα

306 2802 447 2847 A.p.1·.s.
569 2807 588 2826 0
607 2800 744 2847 βούλει]
766 2800 879 2845 βούλῃ
902 2801 940 2837 S.
1062 2807 1080 2834 P
1099 2802 1205 2836 ταύτά
1225 2801 1299 2847 σοι]
1323 2805 1428 2836 ταῦτα
1449 2815 1476 2836 s.
1599 2807 1619 2835 q
1639 2802 1821 2848 πρότερον]

308 2855 481 2900 προτέρων
501 2860 559 2890 s.t.
699 2861 714 2879 Γ
734 2856 773 2889 οὐ
793 2855 871 2901 μὲν]
894 2855 971 2901 οὐδε
993 2869 1054 2899 μεν
1076 2855 1157 2889 S.Y.
1295 2861 1309 2880 5
1329 2854 1550 2902 ἀχαριστίαν]
1574 2855 1764 2901 ἀχρηστίαν
1782 2855 1824 2889 Y.

307 2906 320 2931 ἴ
339 2909 398 2951 τῆς
418 2920 488 2942 om.
510 2923 566 2955 γρ.
590 2908 626 2943 S.
657 2909 748 2954 παρὰ
768 2920 837 2942 om.
861 2908 944 2943 S.Y.
1068 2913 1086 2932 ὓ
1105 2909 1158 2942 καὶ
1178 2921 1247 2943 om.
1267 2909 1381 2943 A.k.s.
1503 2914 1522 2933 Χ
1542 2908 1672 2954 ἀνδρῶν
1691 2920 1760 2943 om.
1782 2908 1825 2942 Y.

308 2966 326 2992 Υ
346 2961 390 3003 σὴ
410 2961 498 3007 ταῖς]
524 2962 568 3003 σὴ
588 2961 639 2997 τίς
657 2976 713 3007 γρ.
738 2961 823 3000 S.Q,
948 2966 965 2985 Ζ
985 2960 1158 2996 τοιούτους
1178 2961 1272 3007 τότε]
1298 2962 1428 2997 ἄλλους
1448 2962 1563 2996 A.k.s.

1926 902 1930 976 Ι

1915 1467 1927 1944 ᾖ

1915 1946 1920 2026 Ι
