1882 3250
1847 0 1857 77 ἱ

256 135 311 172 22
799 137 1228 174 ΔΗΜΟΣΘΕΝΟΎΣ
1469 134 1546 172 On.
1567 132 1629 172 ΙΙ.
1653 147 1691 186 p.
1712 133 1777 182 18,
1798 146 1831 174 ιο
1879 152 1882 159 ·

378 244 391 259 N
470 244 480 263 Ν
569 246 588 267 ’ἲ
674 244 691 265 3
738 246 761 264 :l
926 250 936 267 9
1110 250 1130 259 Α
1247 244 1260 260 x
1439 245 1449 262 Ι
1623 246 1633 259 c
1659 243 1673 260 Ι

213 267 238 308 3
328 249 399 295 To
425 268 509 308 μεν
535 268 628 307 ουν,
656 268 692 295 ω
726 249 889 311 ανδρες
942 250 1182 309 Αθηναιοι,
1209 268 1294 308 την
1331 249 1574 295 Φιλιππου
1608 267 1770 310 ρωμην

253 329 466 397 διεξιέναι
502 331 576 379 καὶ
605 328 680 379 διὰ
706 329 884 379 τούτων
909 333 1003 379 τῶν
1030 328 1191 392 λόγων
1216 327 1493 393 προτρέπειν
1522 326 1581 377 τὰ
1607 327 1770 377 δέοντα

251 417 398 462 ποιεῖν
437 414 555 474 ὑμᾶς
590 413 692 478 οὐχὶ
732 416 889 464 καλῶς
931 411 1051 478 ἔχειν
1089 412 1304 476 ἡγοῦμαι.
1346 409 1421 459 διὰ
1465 411 1512 460 τί
1530 431 1542 472 3
1588 410 1658 460 ὅτι
1691 433 1821 473 μοιεο
1858 442 1859 446 =

819 495 835 522 d

252 498 380 546 δοκεῖ
413 494 553 546 πάνθ’
595 495 668 545 ὅσ’
717 493 775 545 ἂν
847 495 965 546 ε’ίποι
1005 518 1073 548 τις
1119 495 1232 561 ὑπὲρ
1270 494 1448 545 τούτων
1494 495 1650 562 ἐκείνῳ
1685 493 1770 557 μὲν

251 579 396 645 εἶέχειν
447 579 722 647 φιλοτιμίαν
784 577 918 640 Ῡτινὰ,
973 579 1080 641 ἡμῖν
1131 579 1169 628 δ’
1223 579 1325 644 οὐχὶ
1376 582 1533 629 καλῶς
1582 581 1765 642 πεπρᾶ-

249 666 379 729 χθαι.
424 663 448 712 ὁ
486 661 570 724 μὲν
608 660 701 726 γὰρ
737 661 838 730 ὅσῳ
875 661 1073 711 πλείονα
1113 660 1227 726 ὑπὲρ
1257 659 1342 724 τὴν
1376 660 1514 728 ἀξίαν
1548 661 1771 723 πεποίηκε

248 744 334 808 τὴν
359 747 515 806 αὑτοῦ,
542 744 756 812 τοσούτῳ
794 742 1175 809 θαυμαστότερος
1209 742 1339 809 παρὰ
1371 748 1493 794 πᾶσι
1527 743 1768 808 νομίζεται·

250 829 375 890 ὑμεῖς
401 827 449 877 δὲ
476 827 576 895 ὅσῳ
615 832 770 893 χεῖρον
796 826 824 890 ἢ
852 829 1067 892 προσῆκε
1102 826 1335 893 κέχρησθε
1370 831 1466 879 τοῖς
1499 826 1766 892 πράγμασι,
1780 853 1817 885 ²5
1856 826 1859 844 ¹

211 910 464 978 4τοσούτῳ
508 911 707 960 πλείονα
752 910 984 976 αἰσχύνην
1026 909 1295 978 ὠφλήκατε.
1357 915 1505 960 ταῦτα
1555 909 1638 972 μὲν
1688 910 1770 959 οὖν

249 994 555 1061 παραλείψω.
617 995 693 1043 καὶ
744 992 837 1058 γὰρ
888 996 925 1042 εὶ
976 993 1073 1054 μετ’
1119 992 1340 1056 ἀληθείας
1391 1015 1474 1055 τις,
1525 990 1561 1042 ὦ
1606 992 1859 1059 ἄνδρεςι9’

247 1077 505 1140 Ἀθηναῖοι,
532 1080 776 1137 σκοποῖτο,
804 1075 970 1125 ἐνθένδ’
1002 1074 1058 1125 ἂν
1085 1075 1227 1125 αὐτὸν
1253 1076 1368 1125 ἓῖδοι
1394 1075 1543 1140 μέγαν
1569 1097 1766 1140 γεγενη-

246 1160 400 1223 μένον,
424 1161 527 1226 οὐχὶ
561 1161 671 1225 παρ’
701 1161 855 1210 αὑτοῦ.
896 1157 960 1209 ὧν
987 1159 1068 1209 οὖν
1103 1160 1270 1212 ἐκεῖνος
1310 1157 1421 1223 ιιμὲν
1456 1159 1636 1226 ὀφείλει
1673 1163 1769 1212 τοῖς

248 1242 360 1309 ὑπὲρ
387 1244 530 1293 αὐτοῦ
554 1243 963 1306 πεπολιτευμένοις
997 1242 1149 1309 χάριν,
1177 1245 1283 1306 ὑμῖν
1309 1242 1358 1293 δὲ
1384 1244 1514 1305 δίκην
1538 1241 1768 1308 προσήκει

246 1331 425 1388 λαβεῖν,
453 1325 650 1377 ἰτούτων
678 1328 779 1393 οὐχὶ
815 1332 896 1377 νῦν
924 1328 1017 1392 ὁρῶ
1044 1325 1126 1376 τὸν
1152 1325 1313 1392 καιρὸν
1339 1331 1422 1376 τοῦ
1447 1325 1615 1390 λέγειν.
1661 1324 1691 1374 ἃ
1716 1323 1793 1376 δὲ5
1856 1343 1859 1379 ἱ

244 1411 321 1460 καὶ
354 1412 495 1476 χωρὶς
534 1410 713 1461 τούτων
748 1409 856 1472 1(ἔνι,
882 1412 958 1461 καὶ
983 1410 1175 1471 βέλτιόν
1201 1412 1333 1460 ἐστιν
1359 1410 1602 1474 ἀκηκοέναι
1639 1408 1760 1460 πάν-

243 1515 327 1546 τας
363 1494 494 1556 ὑμᾶς,
535 1496 610 1543 καὶ
652 1492 853 1558 μεγάλα,
882 1491 918 1543 ὦ
958 1494 1122 1559 ἄνδρες
1164 1497 1420 1557 Ἀθηναῖοι,
1461 1497 1559 1543 κατ’
1593 1492 1766 1543 ἐκείνου

243 1576 441 1643 φαίνοιτ’
484 1573 542 1626 ἂν
581 1577 732 1640 ὀνείδη
774 1576 1079 1640 βουλομένοις
1127 1577 1278 1642 ὀρθῶς
1323 1575 1595 1642 δοκιμάζειν,
1636 1575 1762 1626 ταῦτ’

242 1663 384 1709 εἰπεῖν
408 1660 709 1725 πειράσομαι.

200 1757 226 1799 5
315 1743 386 1794 Τὸ
415 1742 500 1807 μὲν
526 1744 606 1794 οὖν
632 1744 847 1810 ἐπίορκον
882 1746 958 1793 καὶ
993 1743 1200 1794 ἄπιστον
1235 1747 1397 1793 καλεῖν
1423 1742 1531 1793 ἄνευ
1564 1740 1574 1768 ¹

1582 1747 1664 1792 τοῦ
1701 1741 1761 1792 τὰ
1776 1767 1814 1789 ιο
1856 1766 1857 1789 3

239 1827 549 1893 πεπραγμένα
576 1827 805 1877 δεικνύναι
831 1828 1071 1893 λοιδορίαν
1097 1825 1215 1877 εἷναί
1242 1850 1311 1880 τις
1338 1826 1396 1877 ἂν
1423 1826 1590 1894 φήσειε
1626 1824 1762 1890 κενὴν
1854 1818 1858 1828 ’

240 1912 440 1964 δικαίως·
482 1910 537 1961 τὸ
583 1910 631 1960 δὲ
671 1911 809 1961 πάνθ’
851 1911 945 1961 ὅσα
985 1911 1164 1961 πώποτ’
1203 1911 1377 1978 ἔπραξε
1415 1909 1646 1977 διεξιόντα
1689 1911 1760 1978 ἐφ’

238 1994 393 2046 ἅπασι
437 1994 654 2047 ’Πτούτοις
699 1994 909 2061 ἐλέγχειν
953 1996 1028 2045 καὶ
1071 1993 1275 2060 βραχέος
1319 1992 1468 2058 λόγου
1508 1993 1762 2056 συμβαίνει

240 2081 438 2139 δεῖσθαι,
481 2081 556 2128 καὶ
598 2081 724 2128 δυοῖν
775 2078 908 2127 ἕνεκα
956 2078 1188 2142 Ῐ1ἡγοῦμαι
1230 2076 1489 2144 συμφέρειν
1530 2078 1758 2140 εἰρῆσθαι,

238 2167 321 2212 τοῦ
355 2162 394 2211 τ’
424 2163 610 2219 ἐκεῖνον,
644 2161 759 2227 ὅπερ
797 2163 872 2211 καὶ
909 2160 1083 2223 ἀληθὲς
1122 2160 1332 2227 ὑπάρχει,
1365 2164 1554 2227 φαῦλον
1587 2160 1752 2227 φαίνε-
1772 2180 1807 2212 15
1853 2206 1859 2226 ὁ

238 2248 354 2294 σθαι
393 2245 468 2293 καὶ
505 2249 613 2293 οτοῦ
646 2242 752 2297 τοὺς
791 2244 1321 2310 ὑπερεκπεπληγμένους
1355 2245 1415 2296 ὡς
1441 2241 1626 2309 ἄμαχόν
1653 2264 1758 2292 τινα
1854 2239 1856 2242 ⁴

238 2326 322 2377 τὸν
347 2328 591 2378 Φίλιππον
622 2329 732 2376 ἰδεῖν
767 2326 837 2376 ὅτι
871 2326 1027 2377 πάντα
1062 2326 1392 2394 διεξελήλυθεν
1424 2324 1490 2377 οἷς
1529 2323 1759 2390 πρότερον

237 2408 646 2476 παρακρουόμενος
680 2410 827 2474 μέγας
865 2409 1086 2477 Ρηύξήθη,
1114 2411 1189 2459 καὶ
1219 2408 1337 2474 πρὸς
1363 2407 1509 2471 αὐτὴν
1535 2408 1631 2471 ἥκει
1671 2405 1758 2470 τὴν

292 2579 308 2602 ‘¹
327 2580 433 2626 εἴποι]
456 2579 531 2624 ε’ίπη
553 2581 635 2615 O.u.
657 2587 691 2614 et
712 2586 887 2614 correctus
907 2592 939 2613 v.
1042 2583 1056 2599 θ
1073 2578 1180 2624 ἔχειν]
1204 2580 1274 2623 ἕχει
1294 2591 1328 2612 u.
1432 2576 1441 2599 s
1458 2579 1533 2612 τινὰ
1553 2590 1622 2612 om.
1643 2590 1695 2623 pr.
1718 2578 1753 2612 S.

237 2640 319 2668 ante
338 2635 428 2678 ἔχειν
447 2640 585 2679 ponunt
600 2634 687 2667 AX.
811 2639 831 2666 g
849 2632 933 2679 ἰ’δοι]
959 2632 1012 2676 ἴδη
1034 2633 1075 2666 Y.
1198 2630 1217 2656 h
1237 2633 1298 2676 μὲν
1313 2643 1382 2665 0111.
1404 2631 1446 2665 Y.
1578 2629 1582 2651 ἰ
1602 2630 1749 2676 τούτων]

238 2686 323 2731 ὑπὲρ
342 2686 471 2720 τούτων
490 2687 666 2720 A.B.F.Y.
689 2698 760 2720 om.
784 2699 836 2731 pr.
860 2686 894 2719 S.
998 2683 1014 2705 k
1036 2685 1102 2731 ἔνι]
1125 2686 1173 2718 ἕνι
1192 2687 1306 2730 λέγειν
1327 2685 1368 2718 Y.
1467 2681 1477 2708 Ῑ
1497 2686 1557 2718 τοῦ
1578 2696 1647 2717 0111.
1669 2683 1751 2718 O.u.

239 2744 269 2762 ¹¹¹
290 2738 425 2774 τούτοις
452 2740 628 2785 ἐλέγχειν]
656 2754 711 2785 γρ.
740 2741 897 2772 τοιοῦτον
926 2739 1073 2784 ἔλεγχον
1104 2739 1158 2778 Β.,
1188 2750 1259 2771 non
1288 2740 1443 2771 τοιοῦτον
1471 2737 1637 2782 ἐλέγχειν,
1657 2736 1752 2781 quod

237 2792 373 2824 rettulit
394 2793 568 2826 Reiskius.
727 2798 746 2816 Π
768 2792 912 2837 ἡγοῦμαι
933 2791 1141 2837 συμφέρειν]
1167 2791 1356 2835 συμφέρειν
1376 2790 1520 2835 ἡγοῦμαι
1541 2789 1750 2824 B.Y.O.u.v.

236 2849 255 2867 0
275 2846 336 2877 τοῦ
355 2856 424 2878 om.
447 2845 482 2878 S.
593 2850 612 2877 P
633 2844 777 2890 ηὐξήθη]
802 2846 860 2878 νῦν
880 2844 1005 2888 ηὐξήθη
1026 2843 1189 2878 Y.O.u.v.
1210 2849 1246 2878 et
1264 2858 1319 2889 γρ.
1342 2841 1426 2876 B.F.
