1930 3266
302 203 387 242 324
851 204 1278 242 ΔΗΜΟΣΘΕΝΟΎΣ
1380 205 1462 243 OR.
1487 203 1670 242 XVIII.
1694 217 1734 258 p.
1750 215 1930 257 309,1-

303 314 554 366 ἴπολιτικὰ
592 319 728 367 11ταῖς
767 312 942 365 πόλεσι
985 313 1249 380 πρόσεστιν
1293 315 1501 369 ἁπάσαις
1546 318 1622 366 καὶ
1667 317 1816 382 ἀναγ-
1831 340 1912 384 309

304 404 410 450 καῖα
449 398 776 464 ἁμαρτήματα,
814 400 943 449 ταῦθ’
985 401 1048 451 ὡς
1086 405 1104 424 ³
1124 403 1186 451 εὶς
1226 407 1244 433 θ’
1261 399 1496 466 ἐλάχιστα
1539 405 1816 464 συστεῖλαι,

304 486 379 534 καὶ
405 485 674 534 τούναντίον
695 487 757 535 εὶς
783 481 1001 546 ὁμόνοιαν
1021 486 1095 532 καὶ
1123 483 1316 549 Ζφιλιάν
1336 485 1412 533 καὶ
1438 489 1547 534 ξιτοῦ
1572 482 1631 533 τὰ
1657 483 1821 535 δέοντα

303 572 450 618 ποιεῖν
482 566 631 632 ὁρμὴν
657 565 965 632 ι’προτρέψαι
1019 571 1094 616 καὶ
1131 565 1279 616 ταῦτά
1315 573 1330 592 ⁰
1340 589 1419 629 μοι
1456 565 1612 617 πάντα
1648 568 1850 624 πεποί-5

304 674 423 714 ηται,
457 652 530 699 καὶ
568 650 715 701 οὐδεὶς
746 648 943 712 “mv-roff
973 650 1108 715 Εεὕρῃ
1133 646 1214 698 ίτὸ
1251 649 1350 698 κατ’
1378 648 1455 711 ἐμὲ
1494 649 1626 700 οὐδὲν
1663 651 1816 700 ἐλλει-

208 752 288 796 307
306 733 437 802 φθέν.
490 737 526 782 εἰ
553 733 708 782 τοίνυν
734 754 802 784 τις
829 732 1009 796 ἕὲροιτο
1045 733 1253 782 ὁντινοῦν
1285 733 1383 782 τίσι
1419 731 1478 782 τὰ
1504 737 1714 783 πλεῖστα
1739 733 1825 783 Φί-
1928 718 1930 772 l

305 826 482 870 λιππος
521 814 585 866 ὧν
624 815 884 883 κατέπραξε
924 814 1204 883 διῳκήσατο,
1243 814 1413 869 πάντες
1455 814 1513 866 ἂν
1551 816 1720 867 εἴποιεν
1757 820 1824 886 τῷ

305 900 612 967 στρατοπέδῳ
644 902 719 950 καὶ
750 903 817 968 τῷ
851 898 1025 949 διδόναι
1060 901 1135 949 καὶ
1161 898 1473 967 1’διαφθείρειν
1499 898 1604 953 τοῦς
1629 901 1704 950 ἐπὶ
1729 904 1878 951 τῶνιο

303 983 614 1052 πραγμάτων.
669 985 835 1034 οὐκοῦν
861 987 955 1033 τῶν
991 981 1074 1045 μὲν
1100 980 1360 1044 ἰδυνάμεων
1397 984 1499 1033 οὔτε
1539 982 1692 1048 κύριος
1727 985 1822 1034 οὔθ’

306 1067 492 1134 ἡγεμὼν
535 1066 592 1131 ἧν
637 1065 743 1131 ἐγὼ,
790 1066 914 1116 ὥστε
966 1067 1057 1116 οὐδ’
1107 1067 1131 1115 6
1183 1064 1327 1129 λόγος
1377 1070 1472 1116 τῶν
1516 1066 1636 1116 κατὰ
1679 1073 1827 1118 ταῦτα

305 1152 612 1219 πραχθέντων
639 1149 784 1216 Ι(πρὸς
822 1149 913 1213 ε’μέ
971 1152 1046 1199 καὶ
1085 1172 1177 1212 μην
1203 1148 1286 1216 1τῷ
1313 1151 1668 1216 ιιἸδιαφθαρῆναι
1701 1150 1821 1217 χρή-

306 1258 456 1300 μασιν
490 1233 518 1298 ἢ
558 1234 622 1298 μὴ
660 1233 921 1300 κεκράτηκα
954 1233 1458 1299 11Φιλίππου·ὥσπερ
1492 1232 1586 1300 γὰρ
1621 1235 1647 1284 6
1682 1235 1823 1286 ὠνού-

307 1342 443 1383 μενος
489 1319 691 1381 νενίκηκε
735 1316 817 1367 τὸν
862 1315 1091 1378 λαβόντα,
1130 1316 1209 1366 ἐὰν
1251 1317 1455 1381 πρίηται,
1498 1318 1644 1370 οὕτως
1687 1319 1713 1367 6
1756 1317 1874 1383 μὴι5
1928 1321 1930 1335 ²

308 1402 472 1464 λαβὼν
507 1400 651 1465 Ομηδὲ
691 1403 962 1468 διαφθαρεὶς
1002 1401 1203 1463 νενίκηκε
1242 1398 1324 1450 τὸν
1362 1401 1639 1463 ὠνούμενον.
1699 1399 1824 1452 ὥστε

309 1487 535 1551 ἀήττητος
562 1487 589 1549 ἡ
616 1485 755 1538 πόλις
782 1483 835 1535 τὸ
862 1485 960 1534 κατ’
990 1484 1080 1546 ε’μέ.

209 1585 292 1637 308
373 1569 440 1621 t*A
477 1569 560 1633 μὲν
595 1570 750 1619 τοίνυν
784 1567 876 1632 ε’γώ
908 1566 1221 1633 παρεσχόμην
1253 1570 1314 1620 εὶς
1345 1567 1399 1616 τὸ
1426 1568 1610 1620 δικαίως
1635 1573 1828 1618 τοιαῦτα

307 1655 508 1722 γράφειν
541 1654 752 1703 Ι’τουτονὶ
789 1653 893 1717 περὶ
928 1652 1054 1713 ἐμοῦ,
1088 1649 1207 1715 πρὸς
1241 1655 1442 1703 πολλοῖς
1477 1650 1646 1716 ἑτέροις
1679 1655 1828 1700 ταῦτα

308 1739 384 1788 καὶ
421 1735 739 1802 παραπλήσια
777 1734 955 1787 τούτοις
993 1735 1138 1783 ἐστίν·
1189 1731 1219 1782 ἃ
1258 1740 1276 1767 ‘¹
1292 1733 1330 1783 δ’
1365 1736 1408 1783 οἱ
1444 1732 1616 1786 πάντες
1654 1734 1826 1796 ὑμεῖς,
1839 1761 1880 1784 20

308 1822 464 1872 Ξταῦτ’
500 1820 598 1929 ἤῒδη
627 1820 769 1887 λεξω
826 1817 944 1880 μετὰ
982 1817 1075 1883 γὰρ
1114 1816 1199 1880 τὴν
1237 1817 1396 1884 μάχην
1434 1816 1566 1871 εὐθὺς
1605 1819 1630 1867 6
1669 1820 1828 1881 δῆμος,

308 1903 438 1957 εἰδώς
473 1906 547 1953 καὶ
585 1902 810 1968 ἑορακὼς
848 1901 1003 1952 πάντα
1042 1901 1136 1951 ὅσα
1175 1901 1405 1967 ἐπραττον
1443 1900 1550 1966 εγὼ,
1586 1903 1634 1951 ἐν
1672 1902 1828 1954 αὐτοῖς

209 2004 292 2045 309
307 1993 402 2041 τοῖς
441 1990 641 2040 ιιδεινοῖς
681 2010 753 2037 και
797 1990 1019 2053 φοβεροῖς
1056 1983 1341 2048 ἐμβεβηκὼς,
1382 1985 1493 2047 ἡνίκ’
1531 1985 1624 2034 οὐδ’
1664 1986 1822 2049 ἀγνω-
1837 2011 1876 2044 ²5

362 2116 376 2141 t
395 2116 570 2161 πολιτικὰ]
594 2115 720 2160 πηλίκα
740 2117 852 2150 A.k.s.
952 2121 971 2139 Η
991 2115 1081 2161 ταῖς]
1107 2116 1158 2148 καὶ
1180 2114 1226 2148 O.
1323 2119 1342 2138 Χ
1363 2114 1409 2149 εἷς
1429 2126 1499 2148 om.
1520 2120 1619 2159 p.S.t.
1710 2120 1727 2147 ἶν’
1747 2115 1826 2148 ε’λά-

307 2185 412 2215 χιστα
434 2171 470 2204 S.
504 2170 705 2216 Legebatur
724 2170 924 2213 ἐλάχιστον.
1009 2174 1026 2192 Ζ
1047 2167 1184 2213 φιλίαν]
1210 2168 1331 2213 φιλίαν
1350 2167 1489 2213 ἀγαγεῖν
1508 2168 1622 2203 A.k.s.
1707 2172 1726 2192 a
1745 2166 1824 2213 τοῦ]

308 2224 368 2267 τὴν
389 2235 558 2269 superse-r.
581 2236 599 2257 a
619 2236 666 2257 m.
688 2223 832 2268 antiqua
850 2223 886 2256 in
909 2222 942 2255 S.
1030 2217 1050 2245 b
1070 2221 1282 2266 προτρέψαι]
1307 2221 1434 2266 τρέψαι
1454 2220 1500 2260 Q.
1585 2226 1601 2246 ὓ
1620 2235 1677 2265 μοι
1696 2220 1823 2266 πάντα]

308 2278 417 2310 πάντα
436 2291 492 2319 μοι
512 2277 624 2322 Y.p.r.
737 2273 755 2300 (Ῑ
774 2274 898 2320 μήποθ’
919 2275 1072 2309 A.S.k.s.
1102 2274 1231 2318 μήποτε
1251 2274 1442 2319 ἀνθρώπιον
1460 2274 1580 2319 vulgo.
1689 2279 1705 2298 e
1725 2271 1823 2319 εὕρῃ]

309 2329 400 2375 εὖροι
421 2330 563 2364 F.k.t.v.
679 2327 694 2353 f
710 2330 749 2363 τὸ
770 2341 838 2363 om.
863 2329 897 2362 S.
1024 2334 1044 2360 ἓξ
1063 2329 1174 2373 ἔροιτο
1195 2327 1363 2373 ὁντινοῦν]
1388 2328 1542 2361 ὁντινοῦν
1559 2328 1671 2373 ἔροιτο
1691 2326 1825 2366 F.Y.Q.

310 2383 531 2428 O.p.1·.t.u.v.
627 2380 647 2406 h
668 2380 896 2427 διαφθείρειν]
922 2383 969 2427 τῷ
989 2381 1198 2425 διαφθείρειν
1216 2393 1250 2426 p.
1346 2378 1353 2405 i
1375 2380 1564 2426 δυνάμεων]
1589 2380 1778 2424 δυναμένων
1797 2392 1824 2413 s.

309 2433 327 2460 l<
349 2436 451 2481 πρὸς]
477 2436 522 2470 εἷς
544 2436 629 2474 F.Q.
743 2433 752 2459 l
773 2438 820 2482 τῷ
840 2435 875 2470 S.
912 2435 1112 2480 chebatur
1132 2437 1178 2481 τῷ
1199 2449 1249 2478 γε.
1361 2439 1389 2458 m
1411 2434 1637 2479 διαφθαρῆναι
1655 2432 1827 2478 χρήμασιν

309 2488 327 2532 ἢ
347 2490 391 2532 μὴ
412 2489 683 2534 A.S.Y.k.p.1·.s.
703 2494 737 2522 et
757 2502 811 2533 γρ.
828 2488 872 2526 Q.
903 2488 1127 2532 διαφθαρῆναι
1146 2486 1300 2532 χρήμασι
1320 2486 1364 2525 Q.
1398 2487 1598 2531 Legebatur
1616 2487 1660 2531 μὴ
1680 2487 1825 2531 διαφθα-

306 2544 402 2587 ρῆναι
417 2542 604 2587 χρήμασιν,
619 2543 769 2576 lectione
785 2542 828 2575 ab
841 2547 1035 2575 correctore
1054 2540 1276 2586 interpolata,
1291 2539 1351 2585 qui
1371 2552 1440 2573 non
1458 2540 1669 2585 intelligeret
1685 2551 1824 2574 sensum

307 2596 492 2629 verborum
520 2597 613 2629 hune
640 2608 728 2635 esse,
753 2595 880 2628 Utrum
903 2594 1104 2639 Philippum
1129 2605 1330 2639 superarem
1351 2605 1395 2626 an
1413 2605 1497 2634 non,
1518 2605 1561 2627 ex
1584 2605 1626 2628 eo
1650 2593 1827 2639 pendebat

308 2654 425 2682 utrum
446 2649 594 2694 pecunia
610 2649 785 2694 corrumpi
806 2660 861 2682 me
881 2654 1018 2694 paterer
1034 2659 1078 2680 au
1092 2659 1165 2680 non
1184 2653 1332 2692 paterer.
1366 2646 1622 2691 Comparandae
1642 2646 1825 2680 sententiae

308 2702 466 2735 Similiter
490 2702 728 2742 conformatae,
750 2714 783 2747 p.
810 2711 890 2748 ¹97,
919 2701 969 2735 18.
995 2701 1023 2733 εἶ
1045 2702 1112 2745 γάρ
1131 2698 1166 2733 τί
1189 2714 1255 2733 που
1282 2700 1459 2745 κεκράτηκε
1484 2701 1544 2743 τῆς
1568 2701 1701 2734 πόλεως
1722 2701 1824 2739 βασι-

306 2755 395 2794 λεὺς,
417 2754 436 2798 ἢ
456 2756 534 2789 τοὺς
554 2757 805 2800 πονηροτάτους
825 2759 891 2788 τῶν
908 2753 1084 2796 Ἑλλήνων
1104 2754 1156 2786 καὶ
1177 2753 1344 2798 προδότας
1363 2753 1474 2786 αὐτῶν
1493 2752 1646 2798 χρήμασι
1663 2751 1785 2787 πείσας
1804 2751 1823 2795 ἢ

307 2808 459 2850 οὐδαμῶς
479 2808 596 2842 ἶίλλως
616 2809 822 2854 κεκράτηκεν.
853 2820 887 2853 p.
903 2819 993 2853 429,
1008 2818 1043 2851 9.
1057 2809 1118 2840 τοῦ
1133 2807 1168 2839 δὲ
1185 2807 1306 2852 προῖκα
1327 2805 1345 2850 ἢ
1361 2805 1406 2850 μὴ
1421 2807 1481 2839 τὸν
1495 2807 1623 2851 τρόπον
1637 2808 1698 2840 τοῦ
1717 2818 1823 2849 πρεσ-

303 2863 429 2901 βευτοῦ
449 2860 556 2894 αἴτιον
577 2858 670 2895 εἶναι.
814 2867 832 2884 ¹¹
854 2859 1044 2905 Φιλίππου]
1069 2859 1240 2904 φίλιππον
1261 2860 1297 2893 S.
1438 2864 1455 2884 ⁰
1474 2859 1576 2905 μηδὲ]
1599 2859 1652 2893 καὶ
1674 2859 1709 2892 S.
1739 2857 1823 2902 μηδὲ

305 2925 426 2959 margo
449 2914 483 2947 S.
612 2922 631 2950 P
650 2916 783 2947 τουτονὶ
803 2913 1044 2958 A.F.O.k.p.s.
1074 2914 1197 2946 τοῦτον
1216 2913 1333 2958 vulgo.
1462 2918 1481 2945 q
1501 2911 1529 2946 δ’
1551 2913 1582 2946 οἱ
1602 2911 1769 2947 F.S.Y.O
1785 2923 1820 2957 p.

303 2973 437 3000 r.t.u.v.
468 2967 503 3000 δέ
524 2968 641 3013 vulgo.
719 2973 732 2991 Γ
753 2967 861 3012 ὑμεῖς]
887 2967 943 3009 ἐμὲ
964 2978 998 3011 p.
1074 2971 1088 2989 s
1109 2964 1203 2999 ταῦτ’
1225 2965 1258 2999 S.
1292 2964 1369 2999 ἰ’στε
1389 2964 1481 2999 ταῦτ’
1501 2966 1619 3011 vulgo.
1692 2963 1706 2989 ἵ
1726 2965 1820 3009 ἑορα-

303 3018 383 3064 κὼς]
411 3019 634 3054 scribebatur
650 3022 813 3065 ἑωρακώς.
872 3026 892 3044 ¹¹
913 3020 1034 3054 δεινοῖς
1049 3019 1101 3052 καὶ
1121 3018 1304 3064 φοβεροῖς]
1324 3020 1490 3064 φοβεροῖς
1505 3019 1557 3052 καὶ
1576 3019 1696 3053 δεινοῖς
1710 3017 1821 3064 Y.p.r.
