1882 3250
69 207 162 250 197,
183 210 214 239 7.
442 200 567 236 ΠΕΡΙ
598 199 709 236 ΤΗΣ
742 199 951 236 ΡΟΔΙΩΝ
983 199 1338 237 ΕΛΕΥΘΕΡΙΑΣ.
1559 200 1643 241 209

128 313 240 359 λους
279 306 410 360 “robe
436 306 707 360 ἀδικοῦντάς
744 330 873 359 τινας
904 308 1057 356 αὐτῶν
1082 312 1175 357 τῶν
1210 311 1361 359 κακῶς
1399 307 1638 357 πεπονθό-

126 410 220 438 των
244 388 436 454 ἐχθροῦς
475 390 691 453 ἡγεῖσθαι
717 387 852 454 ὀχρή·
894 387 1000 441 τοὺς
1028 388 1075 438 δὲ
1101 388 1184 441 τὰς
1219 389 1458 440 πολιτείας
1493 411 1635 437 κατα-

125 471 324 523 λύοντας
359 473 435 521 καὶ
463 470 778 532 μεθιστάντας
816 475 878 522 εἰς
918 471 1198 537 ὀλιγαρχίαν
1231 469 1410 522 κοινοὺς
1449 468 1643 535 ἐχθροὺς

124 557 335 617 παραινῶ
363 553 559 617 νομίζειν
585 552 834 602 Εὰπάντων
860 556 953 601 τῶν
978 553 1239 617 ἐλευθερίας
1275 551 1638 613 ἐπιθυμούντων.
1659 581 1666 600 ι
1676 579 1691 610 5

322 634 336 661 f

61 648 112 691 25
127 634 284 684 ἔπειτα
348 637 424 684 καὶ
460 636 649 695 δίκαιον,
684 632 720 683 ὦ
759 634 920 698 ἄνδρες
958 638 1214 696 Ἀθηναῖοι,
1256 635 1635 698 δημοκρατουμέ-

126 738 230 768 νους
256 715 421 769 αὐτοὺς
446 722 637 766 τοιαῦτα
664 719 955 782 φρονοῦντας
983 715 1235 781 φαίνεσθαι
1269 716 1375 778 περὶ
1402 719 1495 764 τῶν
1521 717 1635 764 ἀτυ-

123 797 333 864 χούντων
359 799 532 862 δήμων,
561 807 580 834 g
590 797 750 864 οἷάπερ
783 798 840 848 ἂν
866 798 975 852 τοὺς
1001 799 1181 851 ἄλλους
1207 797 1496 865 ὴάξιώσαιτε
1523 804 1641 865 φρο-

124 886 217 931 νεῖν
241 884 345 946 περὶ
383 883 525 944 ὑμῶν,
552 882 594 932 εἴ
613 883 733 942 ποθ’,
761 881 786 931 ὃ
811 881 876 944 μὴ
903 882 1099 945 γένοιτο,
1126 880 1307 931 τοιοῦτό
1333 903 1377 930 τι
1405 882 1636 944 συμβαίη.

1536 963 1543 990 1

185 966 198 981 x
275 962 288 980 x
362 962 372 989 j
406 968 415 981 ,
490 965 501 981 s
593 963 606 978 t
743 963 763 989 k
829 964 841 979 t
956 966 965 980 ι
1080 964 1090 982 Ι
1402 965 1414 980 κ
1599 965 1608 979 2

59 979 111 1017 26
124 985 199 1012 και
230 986 324 1028 γαρ
380 987 416 1013 ει
452 967 605 1013 δικαια
640 986 708 1016 τις
775 968 920 1032 φησει
973 967 1164 1016 Ροδιους
1201 968 1496 1025 πεπονθεναι,
1558 987 1641 1014 ουκ
1655 994 1694 1015 20

120 1045 374 1109 ἐπιτήδειος
401 1048 432 1096 ὁγ
451 1046 608 1112 καιρὸς
645 1048 930 1114 ἐφησθῆναι·
973 1049 1045 1096 δεῖ
1065 1046 1157 1111 γὰρ
1191 1045 1299 1098 τοὺς
1335 1047 1642 1112 εὐτυχοῦντας

119 1131 225 1194 περὶ
263 1134 357 1179 τῶν
395 1129 691 1195 ἀτυχούντων
724 1130 792 1178 ἀεὶ
829 1130 1083 1195 φαίνεσθαι
1117 1127 1214 1177 ΠΙτιῗι
1253 1128 1488 1186 βέλτιστα
1520 1134 1635 1188 βου-

0 1243 7 1292 ff
120 1213 409 1275 λευομένους,
435 1212 707 1277 ῐ1ἐπειδήπερ
740 1213 919 1275 ἄδηλον
953 1210 1006 1261 τὸ
1033 1211 1216 1272 με’λλον
1243 1209 1426 1260 ἅπασιν
1452 1211 1634 1276 ἀνθρώ-

120 1317 241 1348 ποις.

193 1377 376 1427 Ἀκούω
421 1379 458 1428 δ’
498 1376 624 1441 οέγὼ
659 1376 895 1430 πολλάκις
935 1379 1154 1427 Ρένταυθὶ
1199 1380 1307 1441 παρ’
1352 1378 1458 1438 ὑμῖν
1501 1381 1688 1435 τινῶν25

119 1459 359 1524 λεγόντων
390 1463 466 1522 ὡς,
493 1460 605 1510 (ἷότε
644 1461 880 1526 ἠτύχησεν
919 1461 974 1509 Γὸ
1015 1462 1158 1522 δῆμος
1198 1460 1343 1522 ἡμῶν,
1371 1465 1631 1519 Ξσυνεβου·

118 1542 340 1606 λήθησάν
378 1566 496 1596 τινες
535 1542 705 1594 ἵαὺτὸν
731 1546 960 1606 σωθῆναι·
1002 1541 1066 1592 ὧν
1102 1543 1193 1607 ἐγὼ
1223 1542 1380 1605 μόνων
1406 1544 1636 1608 Ἀργείων

56 1648 105 1689 27
120 1627 167 1675 ἐν
192 1629 258 1694 τῷ
294 1624 491 1690 παρόντι
526 1625 867 1689 μνησθήσομαι
901 1625 1060 1692 βραχύ
1094 1648 1150 1677 τι.
1192 1626 1245 1675 οὐ
1272 1625 1364 1690 γὰρ
1399 1624 1455 1675 ἂν
1487 1628 1635 1688 Πὺμᾶς

117 1709 392 1771 βουλοίμην,
433 1707 578 1775 δόξαν
611 1708 804 1774 ἔχοντας
844 1715 926 1758 τοῦ
965 1709 1132 1774 σώζειν
1170 1708 1276 1761 τοὺς
1318 1710 1634 1775 Χοὶτυχοῦντας

116 1792 198 1852 ἀεὶ,
224 1792 404 1857 χείρους
432 1792 660 1855 Ἀργείων
686 1793 734 1840 ἐν
760 1791 905 1857 ταύτῃ
936 1795 994 1858 τῇ
1021 1791 1191 1859 πράξει
1215 1794 1432 1856 φανῆναι,
1461 1791 1503 1841 οἳ
1530 1791 1624 1857 χώ-
1650 1813 1725 1855 197

114 1896 204 1939 ραν
230 1873 403 1940 ὅμορον
432 1878 515 1940 Υτῇ
544 1875 920 1937 Λακεδαιμονίων
947 1880 1188 1935 οἰκοῦντες,
1212 1875 1409 1938 ὁρῶντες
1435 1877 1632 1929 ἐκείνους

115 1960 200 2022 γῆς
240 1959 324 2021 καὶι
353 1957 591 2020 θαλάττης
628 1957 896 2023 Ζσ’ίρχοντας,
925 1959 1007 2007 οὐκ
1043 1959 1333 2019 ἀπώκνησαν
1360 1958 1456 2007 οὐδ’
1485 1959 1624 2025 ειἐφο-

114 2040 338 2105 βήθησαν
363 2042 577 2095 εὐνοϊκῶς
612 2043 717 2104 ὑμῖν
743 2042 926 2108 ἔχοντες
966 2045 1183 2108 φανῆναι,
1212 2040 1343 2090 ἀλλὰ
1370 2044 1446 2091 καὶ
1470 2042 1622 2107 πρέσ-
1641 2068 1658 2097 5

0 2141 2 2181 y
114 2129 213 2184 βεις
251 2122 476 2176 ἐλθόντας
514 2125 563 2173 ἐκ
598 2125 956 2186 Λακεδαίμονος,
989 2122 1049 2177 ὥς
1090 2128 1254 2191 φασιν,
1290 2123 1629 2191 ἐξαιτήσοντάς

0 2193 1 2204 ¹
114 2228 242 2259 τινας
279 2210 374 2256 τῶν
417 2205 642 2272 φυγάδων
678 2210 772 2256 τῶν
814 2206 1044 2272 ὑμετερων
1083 2207 1402 2274 ἐψηφίσαντο,
1446 2205 1525 2255 ἐὰν
1562 2206 1627 2269 μὴ

169 2407 182 2423 ⁶
203 2404 282 2438 τοὺς
300 2415 370 2438 om.
394 2404 429 2437 S.
539 2400 556 2427 ‘³
576 2403 642 2448 χρή
663 2416 731 2437 om.
748 2416 801 2449 pr.
826 2405 860 2437 S.
984 2409 998 2428 θ
1019 2404 1175 2438 ἁπάντων
1197 2406 1230 2438 S.
1263 2406 1462 2451 Legebatur
1480 2407 1627 2441 πάντων.

116 2453 131 2480 f
147 2456 199 2489 καὶ
217 2467 287 2489 om.
312 2456 347 2490 S.
494 2462 514 2489 g
534 2454 652 2501 οἷάπερ
672 2454 966 2502 (ἲν-ἀξιώσαιτε]
992 2455 1266 2501 οἷα-ἀξιώσετε
1288 2458 1496 2492 F.Y.O.u.v.
1528 2459 1626 2502 ἀξιώ-

116 2522 195 2541 σετε
218 2508 322 2542 etiam
342 2510 384 2542 A.
523 2505 542 2532 h
561 2509 760 2555 ἀξιώσαιτε]
785 2509 948 2553 ἀξιώσετε
970 2510 1004 2543 S.
1117 2507 1125 2533 i
1146 2510 1190 2554 εἰ]
1214 2510 1285 2544 οὐδ’
1305 2511 1334 2544 εἷ
1352 2513 1394 2544 A.
1481 2509 1498 2535 ¹<
1520 2511 1627 2555 φήσει

118 2562 154 2594 S.
185 2559 310 2605 φήσειε
329 2561 372 2594 O.
402 2558 442 2594 ἂν
456 2560 579 2605 φήσειε
599 2562 715 2606 vulgo.
813 2559 823 2586 Ῑ
843 2562 903 2595 οὐκ
922 2574 992 2596 om.
1014 2563 1055 2595 A.
1160 2568 1189 2586 Π]
1209 2564 1250 2596 τὰ
1268 2562 1440 2602 βέλτιστα
1459 2565 1624 2603 βουλευο-

114 2615 233 2656 μένους
254 2613 288 2646 S.
326 2615 558 2657 βουλομένους
585 2614 627 2646 τὰ
645 2616 814 2652 βελτιστα
834 2620 1009 2648 correctus
1030 2615 1071 2648 Y.
1109 2617 1377 2658 βουλευομένους
1396 2617 1437 2649 τὰ
1456 2617 1626 2656 βέλτιστα

114 2667 232 2711 vulgo.
342 2672 356 2688 ¹¹
376 2665 572 2710 ἐπειδήπερ]
595 2667 731 2711 ἐπείπερ
751 2667 792 2700 Y.
903 2673 921 2691 0
942 2667 1008 2712 ἐγὼ
1030 2668 1063 2700 S.
1096 2668 1294 2713 Legebattu·
1313 2670 1431 2714 ἔγωγε.
1532 2675 1551 2701 P
1572 2669 1624 2702 ἐν·

113 2718 228 2763 ταυθὶ]
253 2718 406 2752 ἐνταυθοῖ
426 2718 587 2753 F.O.u.v.
611 2726 645 2752 et
665 2725 840 2753 correctus
860 2719 902 2752 Y.
1015 2728 1032 2754 (Ι
1055 2719 1126 2764 ὅτε]
1150 2720 1202 2753 ὅτι
1224 2722 1259 2754 S.
1390 2727 1405 2745 Γ
1424 2723 1441 2753 ὁ
1463 2721 1582 2767 δῆμος]
1605 2722 1623 2765 ἦ

112 2773 212 2807 πόλις·
232 2771 399 2805 F.Y.O.v.
535 2777 549 2795 s
570 2772 874 2816 συνεβουλήθησαν
894 2773 935 2806 L.
949 2772 1153 2807 Dindorfius
1173 2774 1216 2807 ad
1236 2775 1398 2819 Xenoph.
1422 2775 1563 2808 Hellen.
1587 2773 1621 2816 6,

1257 2832 1268 2848 Ο

112 2856 149 2896 5.
180 2860 243 2895 34.
294 2849 493 2895 Legebatur
530 2849 861 2894 συνεβουλεύθησαν.
993 2850 1000 2869 t
1040 2851 1158 2898 αὐτὸν]
1191 2853 1293 2896 αὐτην
1328 2853 1365 2886 F.
1407 2853 1510 2895 αὐτὴν
1543 2853 1622 2888 ΟΝ.

113 2909 133 2928 U
154 2902 256 2948 ὑμᾶς]
280 2902 364 2946 ἡμᾶς
385 2902 428 2936 Ο.
540 2908 555 2924 Χ
576 2902 784 2947 ἀτυχοῦντας
805 2904 840 2938 S.
870 2902 1107 2948 ἀτυχήσαντας
1125 2906 1241 2951 vulgo.
1343 2912 1362 2939 Y
1380 2908 1420 2948 τῇ
1442 2905 1538 2951 Λιικ.]
1564 2907 1624 2950 τὴν

110 2957 186 2990 λακ.
208 2955 247 2989 F.
361 2961 378 2980 Ζ
400 2954 583 3001 ἄρχοντας]
606 2958 808 3001 κρατοῦντας
827 2958 869 2991 A.
990 2961 1009 2981 a
1029 2956 1269 3005 ἐφοβήθησαν]
1293 2959 1472 3004 ἐφόβησαν
1493 2959 1536 2993 O.

170 3030 269 3057 VOL·
294 3030 320 3056 l·
855 3031 882 3056 Ε
905 3032 927 3057 e
