1882 3250
0 2517 1 2520 „
0 2290 7 2340 —-·
0 2122 14 2278 a—q-——v
0 2104 3 2111 v
0 1955 5 2095 ·v——-—
11 1750 16 1928 ῳ...
10 1718 14 1740 -,
6 1466 14 1706 -..<.—,.-——..dx

27 187 91 238 66,
109 203 140 228 2.
582 190 722 227 ΚΑΤΑ
756 189 1033 228 ΦΙΛΙΠΠΟΎ
1062 191 1104 227 Β.
1541 188 1593 230 71

90 315 189 346 μενος
207 300 260 335 ὅτι
278 301 528 342 διαβάλλουσιν
546 302 649 336 αὐτὸν
669 301 776 345 μάτην
800 302 885 346 πρὸς
912 302 991 337 τοὺς
1012 300 1183 344 Ἕλληνας
1208 300 1252 336 ὦς
1281 301 1597 347 ὃέπαγγειλάμενον
1611 313 1647 344 15

91 366 203 400 αὐτοῖς
238 366 353 399 πολλὰ
390 367 443 399 καὶ
479 366 624 411 μεγάλα,
662 365 883 410 ψευσάμενον
912 366 961 399 δέ·
992 365 1089 399 οὐδὲν
1125 365 1191 410 γὰρ
1235 365 1454 409 ὑπεσχῆσθαί
1489 367 1598 410 φησιν

91 429 169 463 οὐδὲ
196 429 379 474 ἐψεῦσθαι,
406 430 459 463 καὶ
487 430 564 474 περὶ
594 427 724 462 τούτων
748 429 912 474 ε’λὲγχους
941 429 1085 462 ἀπαιτεῖ.
1114 429 1274 472 ἔπεμψαν
1303 429 1340 462 δὲ
1362 429 1446 472 μετὰ
1474 429 1595 463 Φιλίπ-

89 496 156 516 που
185 482 237 515 καὶ
264 480 412 527 Ἀργεῖοι
441 483 493 515 καὶ
523 481 716 525 Μεσσήνιοι
747 481 911 527 πρέσβεις
941 482 988 516 εἷς
1013 480 1167 525 Ἀθήνας,
1200 482 1391 523 αἰτιώμενοι
1423 482 1475 514 καὶ
1504 480 1598 515 οὗτοι

90 546 149 579 τὸν
176 545 281 588 δῆμον
309 544 360 578 ὅτι
390 544 662 589 Λακεδαιμονίοις
687 545 1009 588 καταδουλουμένοις
1037 545 1098 588 τὴν
1125 546 1392 587 Πελοπόννησον
1422 547 1536 579 εὔνους
1560 544 1600 578 τέ
1610 554 1651 575 20

90 609 164 642 ἐστι
193 608 246 642 καὶ
274 611 466 654 συγκροτεῖ,
501 609 614 644 αὐτοῖς
643 609 679 642 δέ
704 609 781 653 περὶ
811 608 1001 654 ελευθερίας
1024 610 1235 652 πολεμοῦσιν
1262 608 1480 641 ἐναντιοῦται.
1512 607 1596 642 ἀπο-

89 674 209 718 ροῦσιν
227 670 285 705 οὖν
305 673 337 705 οἱ
353 670 524 715 Ἀθηναῖοι
543 672 595 705 καὶ
614 672 698 717 πρὸς
718 672 777 704 τὸν
796 671 968 705 Φίλιππον
987 669 1198 716 ἀποκρίσεως
1217 672 1269 704 καὶ
1287 671 1372 715 πρὸς
1391 671 1451 706 τὰς
1468 672 1597 706 πόλεις·

89 731 206 780 ’ὓπρὸς
223 735 284 779 μὲν
302 735 361 770 τὰς
378 736 506 774 πόλεις,
529 734 580 768 ὅτι
609 733 697 768 εὖνοι
725 735 786 778 μέν
809 734 877 768 εἶσι
896 732 1168 777 Λακεδαιμονίοις
1195 735 1248 768 καὶ
1266 734 1326 778 τὴν
1352 737 1419 767 τῶν
1437 732 1598 780 Ἀργείων
1611 741 1648 772 '25

89 799 142 833 καὶ
161 798 368 841 Μεσσηνίων
385 799 470 841 μετὰ
489 798 661 832 Φιλίππου
682 796 855 831 σύστασιν
874 798 927 831 καὶ
944 800 1088 841 μισοῦσι
1117 798 1169 831 καὶ
1193 797 1455 838 ὑποπτεύουσιν,
1475 798 1515 831 οὐ
1533 797 1598 842 μὴν
1611 796 1664 847 65

89 861 330 907 ἀποφήνασθαι
350 861 506 896 δύνανται
532 863 642 896 δίκαια
669 863 830 907 πράττειν
856 861 935 896 τοὺς
954 859 1244 905 Λακεδαιμονίους·
1273 863 1359 907 πρὸς
1386 862 1423 895 δέ
1451 863 1510 896 τὸν
1538 862 1597 896 Φί-

89 926 228 966 λίππον,
252 932 268 951 ⁰
281 925 332 960 ὅτι
351 926 594 971 διημαρτήκασι
613 927 674 969 μὲν
689 922 735 960 ὦν
753 928 917 969 ἤλπισαν,
939 926 978 959 οὐ
997 925 1062 969 μὴν
1081 925 1136 959 ὑπ’
1158 925 1283 959 ἐκείνου
1298 941 1338 972 γε
1357 927 1460 960 αὐτοῦ
1480 927 1597 960 δοκοῦ-

90 1003 148 1024 σιν
166 990 409 1034 ἐξηπατῆσθαι·
441 992 518 1024 οὔτε
536 992 602 1035 γὰρ
622 992 694 1025 ταῖς
713 990 912 1024 ἐπιστολαῖς
940 989 1130 1035 ἐνέγραψεν
1153 990 1171 1022 ὁ
1194 990 1364 1024 Φίλιππος
1392 989 1627 1035 ἐπαγγελίανὸ

90 1054 256 1099 οὐδεμίαν,
288 1051 398 1088 (Ῐοῦτε
426 1055 480 1088 διὰ
510 1057 577 1088 τῶν
608 1054 699 1088 ἰδίων
729 1054 938 1098 εἔπρέοβΐεων
964 1054 1150 1097 ἐποιήσατό
1179 1069 1253 1088 τινα
1279 1054 1481 1099 ὑπόσχεσιν,
1508 1054 1599 1088 ἀλλὰ

88 1118 272 1162 Ἀθηναίων
289 1119 376 1153 τινες
404 1117 492 1161 ἦσαν
511 1119 543 1151 οἷ
560 1119 619 1151 τὸν
639 1119 744 1161 δῆμον
764 1119 809 1152 εἷς
835 1118 957 1151 ε’λπίδα
978 1117 1252 1161 καταστήσαντες
1272 1117 1315 1152 ὡς
1334 1116 1506 1152 Φίλιππος
1524 1123 1598 1151 Φω-

90 1183 164 1219 κέας
191 1184 299 1217 σώσει
328 1183 380 1216 καὶ
404 1182 465 1225 τὴν
490 1179 678 1225 1’Θηβαίων
702 1180 802 1227 ὕβριν
828 1180 1022 1215 καταλύσει.
1053 1181 1107 1214 διὰ
1126 1183 1228 1215 τοῦτο
1248 1182 1265 1213 ὁ
1287 1181 1507 1224 Δημοσθένης
1534 1185 1601 1215 τῶν

90 1247 301 1292 ἀποκρίσεων
320 1246 481 1289 μνησθεὶς
508 1246 755 1291 ἐπαγγέλλεται
782 1246 842 1288 μὲν
868 1245 970 1279 αὐτὰς
997 1245 1132 1283 δώσειν,
1153 1245 1242 1288 φησὶ
1268 1245 1304 1278 δὲ
1332 1244 1383 1278 ὅτι
1409 1245 1536 1278 δίκαιον
1561 1244 1600 1288 ἧν
1617 1260 1653 1280 10

89 1310 168 1344 τοὺς
185 1309 245 1351 τὴν
265 1308 466 1353 δυσχέρειαν
484 1308 707 1350 πεποιηκότας
735 1305 879 1341 ἐκείνους
904 1308 956 1340 καὶ
981 1308 1041 1341 τὰς
1060 1307 1256 1352 ἀποκρίσεις
1275 1307 1501 1347 ἀπαιτεῖσθαι,
1521 1308 1601 1343 τοὺς

89 1371 338 1415 ἇπατήσαντας,
359 1372 459 1416 φησὶ,
479 1372 538 1405 τὸν
557 1372 661 1414 δῆμον
679 1371 732 1404 καὶ
751 1370 948 1414 ἀνοίξαντας
976 1369 1134 1418 Φιλίππῳ
1163 1369 1324 1406 gustas.
1354 1374 1460 1405 ταῦτα
1489 1372 1525 1405 δὲ
1554 1372 1600 1407 εἷς

91 1438 149 1472 τὸν
168 1436 333 1480 Αἰσχίνην
352 1435 543 1474 αἷνίττεται,
564 1436 970 1481 προκατασκευαζόμενος,
992 1433 1036 1470 ὥς
1065 1436 1166 1476 φασι,
1188 1435 1248 1479 τὴν
1276 1434 1346 1468 κατ’
1366 1436 1469 1469 αὐτοῦ
1499 1450 1597 1479 κατη-
1617 1452 1652 1483 ¹5

90 1500 207 1547 γορίαν
225 1501 284 1543 τῆς
311 1499 600 1545 παραπρεσβείας,
621 1498 660 1542 ἣν
688 1496 832 1544 ὕστερον
860 1498 1080 1542 ἐνεστήσατο,
1101 1499 1154 1533 καὶ
1184 1496 1480 1544 1’προδιαβάλλων
1499 1500 1602 1534 αὐτὸν

91 1565 175 1609 πρὸς
193 1563 272 1598 τοὺς
289 1562 498 1607 Ἀθηναίους.

93 1662 321 1748 ΟΤΑΝ,
360 1683 397 1736 cg
435 1686 597 1752 ἄνδρες
632 1689 889 1749 Ἀθηναῖοι,
929 1684 1066 1749 λόγοι
1104 1686 1357 1750 γίγνωνται
1394 1687 1499 1750 περὶ
1537 1683 1603 1736 ὧν

91 1768 347 1823 ἰΦίλιππος
390 1769 584 1836 πράττει
629 1771 703 1819 καὶ
745 1767 951 1833 βιάζεται
995 1767 1123 1833 παρὰ
1164 1767 1250 1831 τὴν
1294 1767 1491 1833 εἰρήνην,
1532 1771 1601 1818 ἀεὶ

91 1851 195 1906 τοὺς
233 1851 347 1919 ὑπὲρ
385 1851 545 1916 1(ἡμῶν
576 1852 750 1917 λόγους
789 1854 864 1902 καὶ
896 1852 1096 1904 δικαίους
1127 1854 1201 1901 καὶ
1234 1852 1602 1919 φιλανθρώπους

91 1937 184 2002 ὁρῶ
223 1937 542 2006 φαινομένους,
582 1939 658 1986 καὶ
690 1936 845 2001 λέγειν
875 1934 959 1998 μὲν
993 1932 1200 1987 ἅπαντας
1236 1936 1303 1984 ἀεὶ
1341 1933 1400 1984 τὰ
1439 1935 1628 1989 δέονταε

93 2022 340 2074 δοκοῦντας
377 2019 483 2073 τοὺς
523 2025 898 2084 κατηγοροῦντας
942 2018 1199 2080 Φιλίππου,
1232 2017 1528 2083 1’γιγνόμενον
1561 2021 1598 2069 δ’

94 2103 224 2154 οὐδὲν
250 2106 312 2157 ὡς
347 2103 456 2156 ε”πος
494 2107 674 2153 mein-clv
699 2107 793 2153 τῶν
827 2102 1026 2152 δεόντων
1052 2103 1144 2151 οὐδ’
1172 2099 1236 2151 ὧν
1274 2101 1434 2152 ῐῙὲνεκα
1471 2104 1597 2153 ταῦτ’

59 2186 272 2238 αάκούειν
310 2186 459 2255 ἄξιον·
502 2187 611 2236 ἀλλ’
650 2189 711 2238 εἷς
747 2190 883 2235 τοῦτο
921 2184 1009 2248 ἤδη
1045 2184 1345 2250 οπροηγμένα
1383 2184 1601 2252 τυγχάνει
1614 2192 1669 2232 66

93 2269 246 2321 πάντα
280 2269 339 2320 τὰ
369 2268 629 2336 πράγματα
667 2273 725 2336 τῇ
763 2268 912 2331 πόλει,
940 2268 1056 2319 ὥσθ’
1085 2268 1186 2337 ὅσῳ
1212 2291 1281 2321 τις
1316 2267 1374 2319 ἂν
1411 2274 1601 2332 μᾶλλον

147 2443 166 2463 a
192 2437 1029 2483 ἐπαγγειλάμενον-ψευσάμενον-ὑπεσχῆσθαι
1049 2437 1090 2471 Y.
1120 2437 1601 2483 ἐπαγγελλόμενον-ψευδό-

93 2490 487 2534 μενον-ὑπισχνεῖσθαι
506 2490 623 2535 vulgo.
758 2489 774 2512 ¹)
793 2490 878 2535 πρὸς
892 2491 954 2534 μὲν
973 2491 1032 2525 τὰς
1051 2489 1170 2525 πόλεις
1188 2490 1306 2524 addidi
1325 2502 1404 2524 cum
1425 2503 1601 2536 anonymo

95 2542 278 2589 Lessingii.
362 2548 378 2568 θ
398 2542 450 2576 ὅτι
470 2543 587 2577 addidj
606 2548 747 2576 auctore
767 2544 902 2577 eodem.
989 2540 1008 2568 d
1024 2545 1101 2576 οὔτε
1121 2542 1192 2587 διὰ]
1211 2546 1288 2576 οὕτε
1308 2543 1343 2577 δὲ
1363 2543 1418 2577 διὰ
1434 2542 1598 2578 Y.O.u.v.

94 2600 111 2620 θ
128 2597 306 2641 πρέσβεων
325 2595 488 2630 Y.O.u.v.
517 2598 710 2640 πρεσβειῶν
728 2596 845 2641 vulgo.
970 2594 980 2616 f
999 2596 1157 2639 Θηβαίων
1177 2594 1275 2640 ὕβριν
1295 2594 1496 2641 καταλύσει]
1520 2596 1600 2639 ἀθη-

94 2646 191 2683 ναίων
209 2647 306 2693 ὕβριν
327 2648 532 2692 καταστήσει
552 2649 591 2683 F.
711 2654 732 2682 g
751 2647 886 2693 Πύλας]
911 2649 970 2683 τὰς
990 2647 1097 2683 πύλας
1116 2648 1159 2681 Ο.
1276 2645 1297 2672 h
1316 2648 1598 2694 προδιαβάλλων]

1278 2699 1286 2709 «
1459 2697 1467 2708 ‹

1273 2711 1289 2727 U

93 2743 330 2787 προδιαβαλὼν
351 2744 390 2778 F.
448 2741 458 2768 i
477 2743 662 2788 Φίλιππος]
686 2745 704 2776 ὁ
723 2744 893 2788 φίλιππος
912 2742 1002 2777 Y.O.
1091 2739 1111 2766 k
1132 2741 1239 2787 ἡμῶν]
1264 2743 1356 2785 ἡμῶν
1377 2743 1418 2776 Β.
1450 2710 1541 2786 ἷμῶν
1560 2743 1600 2776 F.

1491 2794 1507 2805 ee

96 2792 336 2842 ιγιγνόμενον]
361 2798 537 2842 γινόμενον
551 2797 592 2830 A.
621 2798 802 2842 γενόμενον
820 2796 862 2829 Y.
1001 2801 1031 2819 m
1055 2795 1160 2829 εἰπεῖν
1178 2807 1247 2829 om.
1271 2796 1306 2830 S.
1443 2801 1460 2817 ¹¹
1488 2795 1598 2841 ενεκα]

96 2845 201 2882 εἵνεκα
220 2848 378 2883 F.O.u.v.
514 2855 532 2874 ⁰
561 2849 772 2894 προηγμένα]
807 2849 892 2882 Post
920 2863 938 2891 η
966 2848 1067 2882 litera
1085 2860 1167 2888 una,
1188 2860 1265 2893 quae
1287 2863 1308 2894 ρ
1328 2848 1435 2882 fuisse
1454 2848 1602 2888 videtur,

97 2911 192 2935 erasa
209 2901 246 2935 in
267 2901 301 2935 S.
