1930 3266
43 199 137 251 296,
155 213 184 241 ⁷.
564 197 690 235 ΠΕΡΙ
720 197 829 234 TOT
860 197 1163 235 ΣΤΕΦΑΝΟΎ.
1532 198 1616 242 309

105 310 207 376 οὐχὶ
251 307 539 358 κατέπτυσεν
589 304 645 356 ἂν
695 312 817 366 σοῦ;
874 304 940 369 μὴ
984 304 1003 332 b

1020 305 1113 372 γὰρ
1154 310 1236 370 τῆς
1286 305 1469 361 πόλεώς
1513 316 1615 374 0γε,

41 394 208 457 56μηδ’
250 393 372 453 ἐμοῦ.
436 390 533 440 τίσι
584 391 620 440 δ’
664 391 931 458 ὀφθαλμοῖς
980 388 1098 454 πρὸς
1144 389 1259 442 Διὸς
1303 390 1516 455 ἑωρῶμεν
1559 391 1616 441 ἂν
1629 417 1667 438 10

104 475 210 528 τοὺς
237 473 329 527 dels-
361 473 446 537 τὴν
476 474 619 525 πόλιν
650 473 924 539 ἀνθρώπους
951 472 1327 541 ἀφικνουμένους,
1354 477 1392 523 εἰ
1424 473 1483 523 τὰ
1509 474 1617 537 Εμὲν

747 555 1008 622 ἰπεριέστη,
1043 555 1230 620 ἡγεμὼν
1265 554 1313 606 δὲ
1352 558 1426 606 καὶ
1465 557 1617 623 κύριος

102 557 336 624 πράγματ’
367 561 429 610 εἰς
463 556 710 621 ὅπερνυνὶ

120 643 131 657 2
178 641 190 657 Ι
341 642 352 658 s
578 641 589 655 ‹
649 639 661 654 κ
866 638 880 654 x
979 641 987 655 ‚
1036 640 1046 653 ς
1097 638 1108 656 x
1238 645 1258 654 Α
1342 638 1355 655 x
1495 640 1508 656 s

103 645 245 709 ῃρεθη
286 644 525 693 Φιλιππος
564 663 798 702 απαντων,
834 662 916 690 τον
951 642 978 689 δ
1025 662 1138 705 υπερ
1176 662 1258 690 του
1296 663 1361 703 μη
1398 644 1618 704 γενεσθαι

103 726 228 775 ταῦτ’
264 726 423 789 ἀγῶνα
462 724 605 789 ἕτεροι
643 727 784 790 χωρὶς
819 730 840 758 g
856 723 987 786 ἡμῶν
1023 720 1150 785 ἦσαν
1187 722 1502 786 πεποιημένοι,
1541 725 1618 773 καὶ

103 813 249 858 ταῦτα
286 807 595 869 μηδεπώποτε
634 809 715 869 τῆς
753 805 936 859 πόλεως
971 808 1019 856 ἐν
1054 811 1150 859 τοῖς
1184 805 1459 872 1λε”μπροσθε
1497 806 1611 873 χρό-
1631 829 1665 861 15

105 913 198 943 vocs·
235 890 506 958 ἀσφάλειαν
544 890 716 957 ἄδοξον
756 894 945 953 μᾶλλον
983 888 1011 953 ἢ
1051 888 1133 940 τὸν
1173 889 1286 955 ὑπὲρ
1324 894 1418 940 τῶν
1457 894 1616 940 καλῶν

41 990 94 1034 57
106 974 315 1024 κίνδυνον
340 972 605 1040 ἰᾑρημένης.
661 973 730 1026 τίς
763 973 856 1038 γὰρ
882 971 993 1023 Κούκ
1029 971 1149 1023 οἶδεν
1174 971 1441 1035 (Ελλήνων,
1469 972 1539 1025 τίς
1569 972 1618 1023 δὲ

104 1055 375 1122 βαρβάρων,
420 1056 489 1106 ὅτι
539 1058 614 1106 καὶ
663 1055 793 1122 παρὰ
837 1057 1064 1120 Θηβαίων
1109 1058 1183 1107 καὶ
1233 1055 1363 1121 παρὰ
1407 1061 1501 1106 τῶν
1551 1057 1618 1106 ε’(τι

104 1140 281 1191 τούτων
312 1138 538 1205 πρότερον
574 1143 782 1206 ἰσχυρῶν
814 1138 1094 1204 1γενομένων
1128 1140 1506 1202 Λακεδαιμονίων
1543 1142 1670 1190 mim

105 1222 271 1288 111παροὶ
297 1229 378 1273 τοῦ
408 1227 612 1288 Περσῶν
638 1224 876 1283 βασιλέως
909 1222 1027 1285 μετὰ
1057 1227 1245 1287 πολλῆς
1277 1222 1467 1290 χάριτος
1493 1225 1615 1274 τοῦτ’

104 1306 161 1358 ἂν
193 1307 407 1369 ἀσμένως
437 1306 573 1370 ἐδόθη
608 1311 666 1373 τῇ
703 1306 855 1369 πόλει,
887 1306 912 1357 ὅ
948 1329 991 1356 τι
1027 1306 1250 1366 βούλεται
1288 1306 1512 1373 λαβούσῃ
1545 1309 1620 1356 καὶ

104 1389 164 1442 τὰ
195 1391 385 1454 Πὲαυτῆς
417 1389 592 1457 ἐχούσῃ
625 1389 679 1440 τὸ
715 1389 1018 1454 κελευόμενον
1053 1395 1201 1440 ποιεῖν
1235 1392 1310 1440 καὶ
1352 1392 1430 1440 ἐᾶν
1465 1391 1621 1455 ἕτερον

42 1483 96 1537 58
107 1478 200 1524 τῶν
223 1473 474 1536 Ἑλλήνων
501 1472 803 1539 προεστάναι.
859 1475 972 1522 ἀλλ’
1001 1474 1083 1523 οὐκ
1113 1472 1171 1537 ἧν
1196 1474 1341 1533 ταῦθ’,
1369 1475 1457 1526 θὼς
1491 1473 1619 1536 ἔοικε,

0 1578 7 1625 ξ
105 1561 200 1609 τοῖς
236 1555 374 1607 Ι>τότε
413 1557 679 1620 Ἀθηναίοις
720 1555 895 1622 πάτρια
939 1557 1030 1607 οὐδ’
1072 1554 1240 1606 ἀνεκτὰ
1285 1557 1379 1606 οὐδ’
1420 1556 1618 1624 ἔμφυτα,
1631 1581 1667 1611 25

107 1642 198 1692 οὐδ’
225 1639 430 1705 ἠδυνήθη
455 1640 646 1692 πώποτε
671 1640 756 1703 τὴν
780 1640 924 1691 πόλιν
951 1641 1095 1694 οὐδεὶς
1121 1642 1170 1690 ἐκ
1195 1638 1371 1692 παντὸς
1396 1645 1479 1690 τοῦ
1509 1639 1621 1707 χρό-

108 1747 188 1775 νου
228 1729 389 1775 πεῖσαι
428 1729 523 1777 τοῖς
563 1724 785 1791 ἰσχύουσι
830 1723 927 1786 μὲν,
970 1722 1034 1787 μὴ
1075 1725 1228 1774 δίκαια
1268 1723 1316 1774 δὲ
1356 1724 1620 1789 πράττουσι

107 1808 433 1874 προσθεμένην
470 1810 708 1876 ἀσφαλῶς
743 1807 988 1866 δουλεύειν,
1024 1809 1134 1857 ἀλλ’
1168 1806 1480 1873 ἀγωνιζομένη
1515 1810 1621 1873 περὶ

107 1893 346 1958 πρωτείων
380 1895 455 1942 καὶ
493 1895 628 1955 τιμῆς
662 1895 735 1942 καὶ
772 1891 913 1959 δόξης
945 1889 1313 1941 (ῑκινδυνεύουσα
1349 1889 1506 1942 πάντα
1539 1891 1622 1941 τὸν

17 1995 97 2038 259
110 1979 254 2025 αἰῶνα
292 1973 592 2026 διατετέλεκε.
654 1977 729 2025 καὶ
767 1977 895 2026 ταῦθ’
933 1976 1052 2025 οὕτω
1091 1973 1275 2038 ι’σεμνιῗι
1319 1976 1394 2024 καὶ
1437 1974 1620 2040 προσή-
1637 1989 1718 2042 296

1083 2058 1097 2084 t

109 2082 250 2109 κοντα
287 2063 382 2111 τοῖς
421 2059 651 2124 ὑμετέροις
690 2066 703 2085 ⁵
721 2059 885 2123 ἤθεσιν
924 2060 1049 2122 ὑμεῖς
1113 2057 1461 2121 ὑπολαμβάνετ’
1493 2056 1619 2120 εἶναι,

107 2142 230 2194 ὥστε
266 2145 341 2193 καὶ
378 2147 472 2193 τῶν
504 2142 753 2209 προγόνων
787 2142 894 2196 τοὺς
928 2148 1076 2192 ταῦτα
1112 2141 1386 2210 πράξαντας
1424 2141 1617 2204 μάλιστ’

107 2229 340 2289 ἐπαινεῖτε,
367 2225 568 2279 εἰκότως.
621 2227 689 2279 τίς
715 2225 807 2292 γὰρ
834 2226 915 2276 οὐκ
946 2225 1003 2275 ἂν
1034 2224 1269 2290 ἀγάσαιτο
1307 2229 1402 2275 τῶν
1438 2227 1650 2292 ἀνδρῶν5

110 2308 292 2358 ἐκείνων
316 2310 431 2371 “τῆς
456 2310 634 2373 ἀρετῆς,
662 2307 704 2358 οἳ
735 2309 810 2358 καὶ
840 2306 925 2370 τὴν
951 2307 1109 2373 χώραν
1135 2309 1209 2356 καὶ
1235 2305 1320 2370 τὴν
1344 2306 1487 2357 πόλιν
1512 2308 1615 2358 ³31<-

112 2397 265 2443 λιπεῖν
291 2392 536 2455 ὑπέμειναν
563 2397 625 2446 εἰς
658 2391 742 2445 τὰς
774 2391 971 2457 τριήρεις
997 2390 1250 2454 Υέμβάντες
1286 2389 1401 2456 ὑπὲρ
1435 2396 1518 2440 τοῦ
1556 2389 1620 2454 μὴ

163 2533 183 2561 b
202 2536 285 2583 γὰρ]
309 2537 374 2582 γὰρ
394 2536 434 2580 δὴ
453 2537 597 2571 A.k.r.s.
708 2541 724 2561 0
742 2550 782 2581 γε
802 2548 871 2570 om.
892 2537 926 2570 k.
1056 2531 1075 2560 d
1095 2534 1158 2580 εἷς]
1182 2536 1267 2580 πρὸς
1286 2536 1321 2568 k.
1433 2540 1449 2560 θ
1469 2535 1529 2578 μὲν
1548 2547 1619 2569 om.

113 2589 231 2625 O.u.V.
316 2587 332 2614 f
348 2590 526 2635 περιέστη]
550 2591 769 2636 περιέστηκεν
788 2590 898 2623 A.k.r.
995 2594 1016 2622 g
1036 2588 1144 2634 ἡμῶν]
1170 2588 1260 2631 ὑμῶν
1282 2588 1318 2622 S.
1408 2584 1429 2612 h
1448 2588 1622 2632 ἔμπροσθε

114 2643 276 2682 S.Y.Q.S.
305 2644 498 2688 ἔμπροσθεν
515 2644 634 2689 vulgo.
757 2639 766 2666 i
786 2641 967 2687 ᾑρημένης]
992 2642 1155 2686 ἀραμένης
1174 2654 1228 2686 pr.
1252 2641 1289 2676 S.
1411 2637 1432 2664 k
1453 2641 1512 2675 οὐκ
1532 2638 1623 2675 οἶδεν

110 2694 299 2742 Ἑλλήνων]
324 2696 473 2740 ἔλλὴνων
489 2697 548 2730 οὐκ
567 2693 655 2730 οἶδεν
675 2708 703 2730 r.
760 2692 770 2719 Ῑ
789 2695 994 2741 γενομένων]
1019 2694 1246 2740 γεγενημένων
1260 2694 1402 2727 A.k.r.s.
1460 2699 1491 2718 m
1510 2693 1618 2740 παρὰ]

112 2748 189 2794 παρ’
208 2750 309 2783 αὐτοῦ
329 2762 365 2783 u.
489 2755 507 2774 ὓ
528 2749 663 2794 ἑαυτῆς]
688 2750 786 2792 ἑαυτῆ
808 2748 851 2782 O.
962 2753 980 2772 0
1001 2747 1045 2783 ὡς
1063 2748 1149 2780 ἔοικε
1168 2752 1249 2792 post
1266 2746 1455 2790 Ἀθηναίοις
1474 2747 1574 2792 pom't
1593 2759 1621 2781 r.

113 2807 133 2836 P
152 2804 229 2836 τότε
247 2803 405 2836 additum
425 2814 467 2836 ex
487 2803 600 2837 A.k.s.
621 2807 656 2836 et
676 2802 735 2848 qui
754 2814 775 2835 a
794 2813 842 2835 m.
864 2801 1016 2835 secunda
1034 2800 1140 2834 habet
1161 2801 1198 2834 S.
1320 2805 1340 2832 q
1360 2798 1618 2846 κινδυνεύουσα]

114 2856 166 2889 καὶ
184 2855 422 2889 κινδυνεύουσα
442 2856 583 2889 A.k.r.s.
754 2860 768 2879 Γ
789 2853 914 2899 σεμνὰ]
939 2854 1047 2897 σεμνὰ
1066 2854 1118 2887 καὶ
1138 2853 1223 2886 καλὰ
1243 2852 1434 2899 Dionysius
1452 2865 1487 2898 p.
1509 2861 1621 2899 1053.

115 2913 130 2932 ⁸
150 2907 283 2955 ἤθεσιν]
303 2909 417 2943 ἔθεσιν
437 2908 481 2943 Ο.
538 2907 553 2933 t
572 2905 840 2953 ὑπολαμβάνετ’]
865 2907 1120 2951 ὑπελαμβάνετε
1140 2905 1461 2944 F.Y.Q.O.r.s.u.v.
1524 2911 1545 2931 ¹¹
1563 2907 1624 2950 τῆς

114 2960 248 3007 ἀρετῆς]
272 2962 332 2998 τὰς
350 2961 470 3007 ἀρετὰς
491 2962 526 2996 S.
547 2975 567 2996 a
586 2974 632 2996 m.
652 2961 766 2995 tertia.
944 2965 963 2984 ¹
983 2960 1132 2994 ἐκλιπεῖν
1151 2959 1348 3005 ὑπέμειναν]
1373 2959 1552 3004 ὑπέμειναν
1569 2959 1622 2993 ἐκ·

114 3015 225 3048 λιπεῖν
243 3015 280 3048 k.
390 3021 410 3048 Y
428 3015 608 3061 ἐμβάντες]
633 3015 791 3055 ἐκβάντες
811 3026 838 3047 s.
