1882 3250
302 150 401 190 xviii
895 152 1238 193 PRAEFATIO

302 263 456 309 tiones
490 263 637 310 editio
661 264 840 310 Aldina
866 265 1208 328 complectitur
1243 282 1427 321 omnes,
1453 263 1625 310 additis
1651 264 1818 311 Prooe-

303 340 439 386 miis:
478 339 650 386 desunt
685 341 930 404 Epistolae‚
956 358 1073 403 quas
1098 340 1251 386 Aldus
1286 340 1500 402 quinque
1537 340 1672 385 annis
1710 350 1819 387 ante

303 416 349 460 in
379 417 609 479 ampliore
634 418 958 480 Epistolarum
982 417 1258 463 Graecarum
1287 416 1568 462 collectione
1593 415 1818 462 ediderat.

303 492 567 538 Codicibus
603 493 758 539 Aldus
798 511 909 539 usus
951 501 1021 538 est
1062 493 1232 548 tribus,
1275 509 1332 536 ex
1365 492 1540 553 quibus
1569 502 1817 554 excerptas

302 569 452 614 varias
496 569 727 631 quasdam
772 570 999 615 lectiones
1039 569 1087 614 in
1129 570 1224 613 fine
1264 568 1420 630 operis
1465 566 1652 628 adjecit.
1721 567 1818 613 Eos

301 645 387 690 etsi
417 645 726 691 manifestum
761 655 832 691 est
866 644 1086 691 secundae
1113 662 1256 706 quam
1299 661 1442 707 supra
1477 643 1817 706 descripsimus

300 721 462 766 classis
494 721 653 775 fuisse,
680 722 821 784 longe
853 731 1016 766 tamen
1052 720 1298 765 inferiores
1333 721 1528 765 fuerunt
1550 719 1740 766 Veneto
1764 719 1816 766 F.

299 805 347 841 et
371 797 619 843 Bavarico.
690 798 818 843 Nam
844 796 997 842 Aldus
1030 796 1079 841 in
1105 796 1196 842 hoc
1223 814 1414 858 quoque
1449 795 1678 858 scriptore
1716 812 1818 840 mo—

298 889 399 917 rem
436 873 486 918 in
522 873 702 936 praefat.
730 873 879 918 schol.
905 873 955 917 in
986 872 1233 934 Aristoph.
1257 873 1348 918 vol.
1376 873 1412 918 I.
1450 890 1497 934 p.
1523 871 1618 917 viii.
1654 872 1713 917 ab
1739 889 1816 919 me

299 958 520 994 notatum
550 949 706 994 tenuit
731 958 784 994 ut
807 948 1038 994 vilissima
1063 965 1266 1010 quaeque
1304 948 1483 993 infimae
1518 947 1668 993 aetatis
1705 965 1818 1011 apo-

298 1025 482 1088 grapha
505 1025 773 1088 typothetis
800 1023 1062 1070 mandaret.
1135 1024 1465 1081 Quamobrem
1507 1041 1602 1068 non
1639 1023 1817 1070 miran-

297 1100 412 1146 dum
440 1110 512 1147 est
544 1101 798 1147 innumera
830 1100 1053 1146 editionis
1078 1100 1269 1146 Aldinae
1294 1101 1409 1147 vitia
1442 1117 1501 1145 ex
1538 1099 1815 1147 melioribus

297 1177 513 1237 ejusdem
540 1177 701 1223 classis
727 1177 973 1223 codicibus
999 1176 1171 1239 corrigi
1198 1177 1424 1240 potuisse,
1450 1177 1678 1222 lectiones
1703 1194 1815 1223 vero

297 1253 446 1299 bonas
473 1271 579 1316 quae
604 1254 645 1299 ci
672 1254 875 1317 propriae
902 1253 997 1299 sint
1021 1271 1117 1298 non
1143 1253 1348 1315 relinqui
1370 1253 1459 1298 nisi
1484 1253 1815 1316 paucissimas,

297 1347 472 1392 easque
504 1330 621 1375 tales
647 1347 763 1391 quas
787 1348 845 1375 cx
878 1330 1153 1391 conjectura
1182 1330 1428 1374 restituere
1464 1347 1524 1374 ne
1560 1328 1686 1375 illius
1711 1329 1816 1391 qui-

296 1405 406 1452 dem
434 1406 584 1453 aetatis
610 1406 779 1452 editori
805 1406 998 1452 difficile
1031 1423 1133 1451 esse
1170 1405 1407 1468 potuerit:
1446 1405 1716 1467 cujusmodi
1743 1414 1814 1452 est

296 1482 426 1545 quod
456 1503 509 1543 γε
540 1501 626 1546 pro
646 1482 733 1546 γάρ
770 1491 1037 1528 correctum
1072 1490 1144 1527 est
1176 1499 1221 1544 p.
1249 1483 1358 1544 980,
1386 1483 1461 1526 26.
1494 1481 1702 1527 κινδυνεύω
1738 1483 1814 1536 μέν

296 1577 383 1623 pro
417 1560 696 1613 κινδυνεύομεν
731 1577 778 1622 p.
809 1561 948 1615 1028,
981 1576 1052 1604 12.
1094 1561 1186 1612 ὑμῖν
1227 1575 1314 1621 ΡΓΟ
1350 1560 1445 1611 ἡμῖν
1487 1576 1535 1621 p.
1569 1572 1708 1620 1273,
1740 1575 1813 1614 ΙΙ,

293 1638 620 1699 ἐγκεχειρικέναι
646 1654 733 1700 pl'O
758 1635 1093 1697 ἐγκεχειρηκέναι
1123 1652 1169 1697 p.
1202 1650 1342 1696 1439,
1372 1649 1446 1692 24.
1485 1634 1600 1679 οὐδέν
1625 1652 1712 1697 pl'O
1734 1656 1814 1689 μη-

294 1714 361 1759 δέν
395 1732 443 1777 p.
476 1729 616 1772 1441‚
649 1731 719 1775 13.
755 1735 798 1759 τι
828 1711 1043 1758 additum
1081 1730 1129 1775 p.
1162 1727 1299 1773 1430,
1327 1728 1369 1773 3.
1396 1712 1572 1757 ἑλέσθαι
1599 1711 1811 1758 deletum

294 1798 366 1836 est
391 1808 438 1853 p.
464 1803 576 1851 545,
604 1804 646 1852 7.

361 1867 435 1912 De
456 1866 654 1912 aliorum
677 1875 786 1929 post
804 1864 986 1911 Aldum
1007 1864 1285 1910 Manutium
1309 1863 1547 1909 editorum
1568 1864 1810 1911 laboribus

293 1943 344 1988 in
369 1942 646 2006 praefatione
673 1941 1147 1989 Commentariorum
1175 1941 1312 1986 nobis
1338 1940 1427 1986 erit
1452 1939 1726 1986 dicendum.

347 2228 565 2265 Scribebam
585 2227 720 2276 Lipsiae
742 2240 869 2264 mense
889 2227 1088 2264 Decembri
1109 2240 1141 2263 a.
1162 2226 1277 2274 1843.
