1930 3266
1865 22 1871 30 ι

1890 97 1909 114 3

1894 119 1913 141 ,1,

263 192 348 234 268
828 200 1256 238 ΔΗΜΟΣΘΕΝΟΎΣ
1361 199 1445 237 OR.
1471 196 1651 236 XVIII.
1673 211 1714 250 p.
1735 206 1830 249 254,
1845 213 1896 241 πε

265 307 314 358 δὲ
352 309 641 374 γιγνομένων
678 310 704 361 ὅ
741 333 784 361 τι
820 310 905 374 μὲν
946 314 1185 377 ἕπροσῆκε
1223 315 1369 361 ποιεῖν
1408 309 1569 374 11ὑμᾶς,
1607 307 1777 359 ὶούκε’τ’

175 390 503 457 Ιιοέρωτήσω·
544 397 690 457 δῆλον
720 394 812 460 γάρ
848 396 978 445 ἐστιν
1014 392 1208 445 ἅπασιν.
1249 393 1380 444 ἀλλὰ
1412 394 1481 446 τίς
1516 391 1575 456 ἧν
1601 393 1626 443 ὁ
1657 397 1776 456 βοη-
1797 405 1877 452 255

266 475 418 540 θήσας
444 482 539 530 τοῖς
568 476 832 543 Βυζαντίοις
871 482 946 528 καὶ
973 477 1142 531 σώσας
1168 477 1334 531 αὐτούς
1356 500 1369 540 ;
1413 478 1480 531 τίς
1508 478 1533 527 ὁ
1559 476 1783 530 κωλύσας

265 559 347 609 τὸν
372 560 743 625 Ἑλλήσποντον
768 561 1173 628 ιἱοίλλοτριωθῆναι
1200 566 1301 612 κατ’
1324 563 1520 614 ἐκείνους
1545 559 1651 614 τοὺς
1673 559 1785 627 χρό-

266 665 405 705 νους;
450 646 591 706 ὑμεῖς,
629 643 665 695 ὦ
705 645 867 711 ἄνδρες
904 647 1162 710 Ἀθηναῖοι.
1206 644 1260 696 τὸ
1301 646 1337 694 δ’
1368 647 1493 707 ὑμεῖς
1532 644 1666 695 ιὅταν
1706 645 1783 695 λε’-

265 751 350 793 γω,
376 727 462 791 τὴν
500 727 642 778 πόλιν
680 729 818 795 λε’γω.
859 731 928 783 τίς
962 731 999 780 δ’
1034 730 1059 780 ὁ
1095 733 1153 797 τῇ
1187 728 1325 780 πόλει
1358 728 1513 794 λέγων
1551 730 1626 779 καὶ
1665 727 1813 794 γρά-5

267 816 372 879 φων
415 813 489 861 καὶ
527 811 749 878 πράττων
792 815 868 863 καὶ
909 814 1074 867 ἁπλῶς
1119 812 1283 864 ἑαυτὸν
1324 817 1385 866 εἰς
1426 811 1486 863 τὰ
1525 813 1784 879 πράγματα

176 913 190 939 1
209 913 217 939 ι
234 913 248 940 1
267 896 468 962 ἀφειδῶς
496 896 685 949 Ῐῃδιδούς
707 918 720 957 3
764 897 871 961 ἐγώ.
912 895 1045 947 ἀλλὰ
1075 896 1174 963 μὴν.
1194 897 1335 960 ἡλίκα
1361 902 1508 947 ταῦτα
1534 896 1786 965 ὠφέλησεν

277 977 297 995 et
533 987 552 1005 n
603 981 613 994 ›
661 980 674 996 t
697 982 707 996 ς
761 983 771 996 ,
837 988 855 1006 0
934 988 953 996 a
1035 981 1045 995 ι
1224 986 1244 995 Λ
1287 989 1294 1006 ,
1425 986 1445 995 a
1528 982 1539 996 2
1612 982 1622 996 ν
1669 980 1693 999 ’t

267 1002 492 1042 απαντας,
564 1003 696 1030 ουκετ
749 1004 798 1031 εκ
872 1004 954 1032 του
987 989 1136 1046 λογου
1173 985 1239 1032 δει
1275 985 1481 1045 Ῑμαθειν,
1513 987 1613 1030 αλλ
1662 1003 1786 1049 εργῳ

1922 1099 1925 1104 -
1914 973 1922 1051 *—

266 1064 570 1129 πεπείρασθε·
616 1066 639 1113 ὁ
667 1064 760 1131 γὰρ
795 1065 900 1115 τότε
939 1063 1108 1117 ἐνστὰς
1145 1062 1354 1127 πόλεμος
1380 1065 1488 1115 ἄνευ
1513 1069 1597 1114 τοῦ
1633 1063 1785 1127 καλὴν
1803 1085 1839 1106 ¹0

269 1146 416 1216 δόξαν
442 1150 642 1212 ἐνεγκεῖν
678 1151 726 1199 ἐν
760 1154 882 1200 πᾶσι
920 1153 1016 1202 τοῖς
1055 1147 1173 1198 κατὰ
1199 1148 1281 1198 τὸν
1311 1148 1416 1209 βίον
1443 1147 1786 1215 ἀφθονωτέροις

924 1241 939 1259 1'

270 1234 344 1282 καὶ
376 1232 667 1298 εὐωνοτέροις
706 1236 890 1298 (Ιδιῆγεν
958 1235 1076 1296 ὑμᾶς
1114 1236 1196 1296 τῆς
1234 1238 1315 1282 νῦν
1350 1231 1543 1298 εἰρήνης,
1570 1230 1628 1296 ἢν
1663 1232 1790 1282 οὗτοι

269 1316 390 1366 κατὰ
416 1319 496 1380 τῆς
524 1318 746 1383 πατρίδος
771 1323 997 1384 τηροῦσιν
1025 1321 1067 1367 οἱ
1093 1318 1294 1383 χρηστοὶ
1321 1318 1394 1367 ἐπὶ
1420 1320 1520 1369 ταῖς
1547 1323 1562 1341 ⁵
1577 1315 1785 1379 μελλού-

270 1424 378 1454 σαις
418 1402 624 1464 ἐλπίσιν,
666 1399 732 1452 ὧν
773 1401 1083 1467 διαμάρτοιεν,
1129 1403 1204 1451 καὶ
1254 1401 1267 1426 t
1282 1399 1348 1464 μὴ
1391 1399 1673 1467 μετάσχοιεν
1723 1396 1790 1449 ὧν

272 1487 396 1547 ὑμεῖς
424 1489 465 1536 οἱ
492 1484 551 1535 τὰ
577 1486 812 1546 βέλτιστα
837 1484 1118 1548 βουλόμενοι
1143 1482 1251 1537 τοὺς
1283 1483 1415 1538 θεοὺς
1440 1488 1617 1546 αἰτεῖτε,
1643 1481 1788 1546 11μηδὲ
1804 1503 1840 1535 ¹5

271 1573 510 1633 μεταδοῖεν
549 1577 570 1595 X
589 1571 694 1633 ὑμῖν
733 1568 797 1620 ὧν
835 1571 964 1620 αὐτοὶ
1000 1568 1309 1637 προῄρηνται.
1392 1569 1513 1633 Λέγε
1553 1571 1594 1619 δ’
1634 1569 1789 1621 αὐτοῖς

272 1661 348 1710 καὶ
373 1658 479 1712 τοὺς
506 1664 626 1710 Ῡτῶν
655 1658 920 1725 Βυζαντίων
946 1659 1214 1728 στεφάνους
1241 1660 1315 1708 καὶ
1341 1657 1448 1712 τοὺς
1474 1662 1595 1708 Ζτῶν
1623 1661 1791 1724 Περιν-

273 1745 399 1806 θίων,
427 1743 494 1798 οῖς
521 1743 814 1810 ἐστεφάνουν
841 1745 914 1794 ὃέκ
941 1744 1118 1794 τούτων
1146 1742 1230 1806 τὴν
1256 1741 1441 1793 ἱ)πόλιν.

690 1847 997 1888 οΨΗΦΙΣΜΑ
1035 1846 1387 1886 ΒΤΖΑΝΤΙΩΝ.

180 1927 195 1953 1
213 1926 258 1954 12
385 1917 477 1959 Ἐπὶ
499 1919 779 1970 ἱερομνάμονος
801 1920 1034 1972 Βοσπορίχω
1054 1917 1074 1946 d
1088 1917 1323 1970 Δαμάγητος
1354 1919 1397 1958 ἐν
1424 1919 1495 1970 Ετῐζί
1517 1917 1610 1970 ἁλίᾳ
1638 1916 1788 1966 ἔλεξεν,
1803 1934 1844 1956 20

331 1988 373 2026 ἐκ
404 1989 472 2028 τᾶς
491 1990 628 2037 βωλᾶς
648 1988 788 2037 λαβὼν
809 1986 966 2039 ῥήτραν,
992 1986 1124 2036 ἐπειδὴ
1146 1988 1165 2026 ὁ
1189 1989 1307 2036 δᾶμος
1338 1985 1416 2025 f5g
1437 1984 1660 2025 Ἀθαναίων
1686 1984 1729 2025 ἕν
1749 2001 1792 2025 τε

330 2058 411 2096 τοῖς
433 2054 453 2081 h
471 2055 779 2107 προγεναμένοις
802 2058 947 2106 καιροῖς
969 2053 1136 2094 εὐνοέων
1159 2053 1164 2080 i
1182 2055 1374 2093 διατελέει
1393 2053 1613 2100 Βυζαντίοις
1635 2053 1697 2092 καὶ
1714 2056 1794 2094 τοῖς

329 2223 343 2243 θ’
363 2220 533 2265 προσῆκε]
558 2219 723 2264 προσήκει
746 2219 779 2253 S.
921 2217 940 2243 h
962 2220 1046 2263 ὑμᾶς
1065 2220 1267 2257 A.S.Q.k.s.
1296 2219 1381 2262 ἡμᾶς
1400 2219 1519 2264 vulgo.
1656 2214 1666 2241 i
1685 2216 1793 2251 οὐκέτ’

275 2272 452 2317 ἐρωτήσω]
477 2273 536 2306 οὐκ
557 2272 717 2318 ε’ρωτὴσω
739 2273 783 2306 Ο.
815 2273 875 2306 οὐκ
895 2272 1100 2318 ἐπερωτήσω
1123 2273 1158 2306 S.
1183 2278 1216 2306 et
1236 2287 1291 2318 γρ.
1315 2273 1359 2311 Q.
1485 2268 1505 2295 k
1524 2270 1794 2316 ἀλλοτριωθῆναι

277 2326 550 2371 F.S.O.p.t.u.v.
581 2326 900 2371 ἀπαλλοτριωθῆναι
919 2327 1038 2372 vulgo.
1165 2323 1174 2350 l
1196 2325 1276 2359 ὅταν
1294 2327 1385 2370 λέγω
1408 2325 1442 2358 S.
1473 2323 1553 2358 ὅταν
1573 2323 1654 2358 ε’ίπω
1675 2324 1792 2369 vulgo.

275 2385 301 2400 ¹¹¹
322 2378 452 2423 διδούς]
476 2380 554 2414 δοὺς
576 2379 861 2418 S.Y.Q.O.t.u.v.
885 2384 919 2413 et
940 2379 1087 2413 correcti
1106 2391 1173 2424 p.r.
1273 2383 1288 2398 ¹¹
1310 2377 1435 2424 οὐκέτ’]
1461 2379 1520 2412 οὐκ
1541 2376 1793 2422 F.Y.Q.O.p.r.

275 2437 374 2466 t.u.v.
488 2439 505 2457 o
527 2435 587 2466 τοῦ
607 2433 724 2466 addidi
745 2445 786 2466 ex
810 2433 844 2466 S.
938 2439 957 2466 P
977 2432 1112 2478 μαθεῖν]
1138 2432 1255 2476 μαθεῖν
1277 2433 1360 2476 ὑμᾶς
1378 2433 1491 2465 A.k.s.
1580 2437 1600 2464 q
1620 2431 1734 2476 διῆγεν
1755 2430 1792 2466 S.

278 2485 478 2532 Legebatur
498 2486 668 2532 διήγαγεν.
778 2492 792 2510 ¹¹
813 2486 912 2531 ὑμᾶς]
938 2486 1022 2530 ἡμᾶς
1043 2486 1078 2520 S.
1181 2492 1195 2511 S
1215 2485 1443 2531 μελλούσαις]
1468 2484 1661 2529 μέλλουσιν
1680 2496 1732 2530 pr.
1755 2484 1792 2519 S.

1164 2550 1180 2566 υ

278 2581 291 2606 ἵ
310 2583 354 2625 μὴ
376 2594 444 2616 om.
469 2583 503 2616 S.
614 2588 633 2606 Π
656 2582 755 2627 μηδὲ]
779 2583 822 2626 μὴ
845 2583 880 2616 S.
1002 2588 1021 2606 Χ
1043 2582 1135 2628 ὑμῖν]
1158 2582 1235 2626 ἡμῖν
1259 2582 1296 2615 F.
1328 2581 1404 2625 ἡμῖν
1424 2594 1488 2627 p.r.
1601 2587 1615 2610 >’
1637 2584 1704 2614 τῶν
1723 2592 1793 2614 om.

279 2635 489 2674 F.Q.O.u.v.
637 2642 654 2660 Ζ
674 2639 740 2669 τῶν
760 2649 828 2670 om.
853 2636 970 2670 O.u.v.
1121 2641 1138 2660 ἃ
1159 2636 1194 2670 ἐκ
1214 2648 1282 2669 om.
1305 2648 1332 2669 r.
1474 2634 1488 2655 ¹³
1508 2633 1797 2668 πόλιν-Οὐκοῦν

280 2691 328 2734 (p.
355 2697 440 2736 257,
462 2692 517 2734 4.)
545 2692 659 2723 πόλιν.
691 2691 771 2735 λέγε
799 2690 851 2723 καὶ
876 2691 955 2724 τοὺς
980 2691 1071 2734 παρὰ
1097 2693 1164 2723 τῶν
1190 2690 1224 2723 ἐν
1250 2687 1448 2734 χερρονὴσω
1475 2688 1679 2733 στεφάνους.
1709 2692 1794 2720 *PH-

279 2748 418 2776 ΦῙΣΜΑ
447 2748 709 2777 ΒΥΖΑΝΤΙΩΝ.
740 2743 870 2777 Οὐκοῦν
889 2744 932 2778 A.
1059 2749 1073 2768 ς
1093 2748 1300 2777 ΨὶιΦῙΣΜΑ
1320 2741 1590 2787 ΒΥΖΑΝΤΙΩΝ]
1615 2741 1798 2786 στεφάνων

279 2794 495 2839 ψηφίσματα
515 2809 588 2831 u.v.
737 2795 752 2820 (ἶ
776 2796 993 2842 Δαμάγητος]
1020 2797 1210 2842 δημάγητος
1230 2796 1308 2830 O.V.
1461 2800 1477 2819 e
1496 2796 1537 2839 τᾷ
1557 2793 1653 2840 ἁλίᾳ]
1677 2795 1798 2828 τεαλια

281 2850 515 2895 F.S.Y.Q.p.r
533 2855 547 2884 t
562 2862 630 2884 u.v.
662 2852 759 2884 τελια
779 2850 823 2884 O.
854 2851 1065 2884 Emendavit
1083 2862 1148 2884 van
1171 2850 1295 2884 Dalius
1314 2849 1464 2884 Dissert.
1485 2859 1523 2895 9,
1547 2858 1582 2894 3.
1713 2844 1729 2872 f
1755 2846 1791 2893 ὁ]

280 2906 347 2935 τῶν
366 2915 431 2948 1).1·.
588 2909 608 2936 g
635 2903 837 2950 Ἀθαναίων]
867 2904 1090 2938 Scribebatur
1110 2903 1305 2947 Ἀθηναίων.
1353 2903 1488 2937 Eodem
1507 2902 1613 2936 modo
1632 2907 1686 2935 ter
1705 2900 1796 2934 infra

280 2957 414 2990 correxi
433 2958 615 3003 vulgatum
634 2956 802 3001 Ἀθην--.
917 2954 935 2981 h
962 2959 1223 3003 προγενομένοις
1245 2957 1408 2995 S.Y.Q.1·.
1439 2955 1740 3001 προγεγεναμένοις
1758 2966 1793 2999 p.

280 3008 480 3055 Legebatur
507 3012 779 3056 προγενομένοις.
828 3011 937 3045 Recte
964 3011 1093 3045 habere
1113 3011 1250 3045 videtur
1271 3010 1546 3056 προγεναμένοις,
1566 3020 1676 3054 quum
1694 3007 1792 3054 γενά-
