1882 3250
237 146 304 186 xvi
821 143 1166 184 PRAEFATIO

239 259 456 306 Collatus
495 266 566 303 cst
603 257 661 302 ad
699 256 935 302 orationes
974 264 1200 317 quattuor
1238 272 1314 300 eas
1348 272 1454 317 quae
1494 253 1752 300 Androtio-

238 352 377 380 neam
405 333 697 396 praecedunt.

304 429 350 473 p.
388 409 666 455 Parisicnsis
708 408 866 470 regius
911 409 1053 468 2508.
1093 407 1371 452 chartaceus
1411 406 1556 451 seculi
1599 406 1752 467 quarti

239 485 414 531 decimi
464 485 617 530 forma
663 483 905 545 quadrata.
976 483 1149 527 Insunt
1196 492 1366 545 praetcr
1414 482 1504 526 alia
1552 481 1751 526 aliorum

239 562 471 625 opuscula
508 560 745 605 orationes
782 558 1076 620 quindecim,
1109 575 1145 604 1.
1175 573 1217 619 5.
1247 575 1287 604 2.
1315 575 1357 619 3.
1388 573 1432 615 4.
1460 559 1502 603 6.
1532 571 1572 618 7.
1609 574 1651 618 9.
1684 573 1755 602 10.

246 656 317 684 11.
353 639 674 700 13.-16.18.

306 731 349 758 v.
386 711 664 757 Parisiensis
692 709 1018 757 Coislinianus
1057 727 1165 772 339.
1198 710 1265 764 (in
1303 708 1584 754 Montefalc.
1613 707 1759 755 Cata-

241 789 351 851 logo
388 806 433 851 p.
459 790 590 848 450.)
619 787 1014 831 membranaceus
1035 785 1158 830 foliis
1185 787 1294 846 366.
1320 785 1368 830 in
1395 784 1489 829 duo
1513 784 1758 830 volumina

242 864 420 920 divisis,
459 881 662 925 qnorum
703 863 902 907 alterum
942 879 967 906 a
1009 862 1038 906 f.
1073 879 1176 923 192.
1213 861 1385 923 incipit
1422 861 1469 917 (i.
1497 878 1536 905 e.
1575 878 1619 922 p.
1645 874 1759 921 479,

245 958 321 1002 29.
349 939 422 985 ed.
451 939 611 985 Reisk.
639 956 663 983 a
688 938 843 983 verbis
867 937 922 982 τὸ
947 943 1023 990 τῆς
1046 938 1245 995 πόλεως).
1296 936 1513 998 Scriptus
1539 947 1609 980 est
1634 952 1760 980 anno

249 1029 388 1076 1450.
425 1024 477 1060 ut
511 1022 792 1060 annotatum
826 1012 906 1058 fol.
944 1029 1052 1074 342.
1090 1030 1239 1058 verso.
1310 1011 1564 1058 Orationes
1597 1011 1763 1057 insunt

243 1091 421 1137 caedem
448 1108 553 1152 quae
578 1090 627 1135 in
651 1090 708 1135 Y.
733 1098 781 1133 et
805 1089 1062 1134 Proocmia.

310 1187 357 1214 u.
396 1166 674 1213 Parisicnsis
701 1165 1026 1213 Coislinianus
1062 1181 1174 1227 324.
1205 1165 1273 1225 (in
1307 1163 1590 1209 Montefalc.
1619 1162 1764 1210 Cata-

245 1245 355 1307 logo
380 1263 426 1308 p.
444 1248 575 1304 445.)
603 1243 882 1288 chartaceus
907 1241 1061 1286 forma
1085 1242 1314 1297 maxima,
1339 1240 1464 1285 foliis
1493 1256 1602 1301 239.
1640 1238 1764 1284 Sub-

483 1331 533 1359 Ὑρ.
553 1319 719 1353 ἐτελειώθη

247 1363 478 1426 Scriptum
506 1361 692 1425 εγράφει
718 1359 772 1405 τὸ
797 1360 937 1422 παρὸν
966 1361 1148 1416 βιβλίον
1182 1359 1249 1404 διὰ
1280 1357 1424 1422 χειρὸς·
1458 1359 1561 1411 ἐμοῦ
1595 1356 1766 1402 ἶωάννου

673 1438 731 1455 ωω
762 1438 784 1455 ω
1237 1436 1257 1458 71

246 1472 383 1531 ἱερέως
406 1476 486 1516 τοῦ
507 1471 644 1532 ῥόσου
668 1469 781 1527 ᾳυξὸ)
804 1467 931 1520 μηνὸς
955 1468 1184 1528 νοεμβρῖου
1207 1466 1275 1530 κζ.
1345 1466 1516 1511 Insunt
1543 1472 1652 1528 post
1676 1464 1767 1510 alia

249 1548 449 1594 aliorum
489 1547 664 1609 scripta
700 1544 812 1589 inde
851 1562 876 1589 a
916 1543 1030 1588 folio
1057 1545 1132 1604 69.
1171 1543 1285 1587 Vita
1323 1541 1668 1587 Demosthenis
1707 1541 1766 1585 ab

249 1624 452 1670 Libanio
479 1623 654 1685 scripta
688 1631 734 1667 et
767 1620 1003 1666 orationes
1039 1619 1287 1675 tredecim,
1314 1618 1621 1681 Olynthiacae
1656 1626 1768 1674 tres,

249 1697 535 1760 Philippicae
572 1704 813 1758 quattuor,
839 1694 896 1739 dc
934 1712 1068 1757 pacc‚
1094 1693 1151 1738 de
1189 1693 1486 1749 Halonneso,
1519 1692 1577 1737 de
1615 1691 1770 1739 Cher-

252 1789 436 1827 soneso,
463 1770 521 1815 de
547 1769 847 1815 Rhodiorum
887 1769 1122 1823 libertate,
1148 1767 1206 1812 (le
1241 1784 1433 1823 corona,
1458 1765 1516 1811 de
1552 1765 1670 1811 falsa
1704 1765 1771 1811 le-

251 1847 457 1910 gatione.

318 1940 363 1984 q.
401 1922 681 1967 Parisiensis
706 1921 863 1984 regius
887 1922 1029 1978 2844.
1049 1920 1328 1965 chartaceus
1353 1918 1507 1964 forma
1525 1917 1771 1980 quadrata,

253 1997 498 2043 Laurentii
538 1997 719 2060 Cyathi
758 2014 902 2042 manu
937 1995 1190 2041 Florentiae
1228 1996 1431 2058 scriptus
1468 2012 1594 2040 anno
1633 1995 1771 2056 1498.

254 2076 429 2121 Insunt
469 2074 695 2119 orationis
739 2082 904 2119 contra
940 2072 1293 2119 Androtionem
1334 2071 1676 2134 fragmentum,
1714 2069 1773 2115 de

255 2168 445 2203 corona,
473 2149 530 2195 ‹le
555 2149 671 2194 falsa
696 2150 935 2212 legatione
964 2154 1091 2211 (quae
1117 2149 1219 2211 ipsa
1244 2165 1436 2210 quoque
1464 2147 1588 2193 foliis
1624 2147 1772 2210 pluri-

254 2229 343 2274 bus
370 2227 556 2272 defecta
580 2233 688 2285 est),
714 2226 942 2272 funebris.

323 2322 364 2349 o.
403 2302 682 2348 Parisiensis
720 2302 876 2364 regius
916 2317 1059 2363 2043.
1098 2301 1376 2347 chartaceus
1419 2302 1563 2347 seculi
1599 2300 1773 2347 decimi

258 2380 395 2426 sexti.
466 2380 639 2424 Insunt
685 2378 922 2423 orationes
971 2377 1296 2441 Olynthiacae,
1343 2377 1401 2424 (le
1449 2395 1640 2434 corona,
1679 2376 1777 2423 Mi-

258 2456 415 2512 diana,
440 2455 780 2509 Aristocratea,
805 2453 1034 2499 funebris.

327 2549 362 2576 S.
400 2531 678 2576 parisiensis
713 2529 868 2592 regius
896 2546 1036 2592 2940.
1075 2530 1396 2592 bombycinus
1423 2529 1570 2575 seculi
1602 2528 1776 2574 decimi

259 2607 399 2657 tertii,
438 2606 590 2651 forma
617 2604 863 2668 quadrata,
893 2604 1018 2650 foliis
1044 2620 1154 2667 334.
1225 2605 1398 2650 Insunt
1433 2605 1670 2650 orationes
1708 2621 1778 2649 se-

261 2683 435 2737 decim,
480 2698 617 2740 1-4,
663 2699 734 2728 10.
779 2699 848 2726 11.
891 2698 964 2726 22.
1005 2698 1080 2727 21.
1121 2682 1191 2727 18.
1232 2698 1306 2743 23.
1352 2697 1425 2739 24.
1473 2698 1544 2743 19.
1584 2697 1658 2726 20.
1704 2697 1776 2742 13.

269 2762 341 2805 16.
375 2774 444 2820 15.

331 2836 376 2880 k.
416 2836 692 2881 parisiensis
731 2836 888 2897 regius
917 2836 1058 2897 2998.
1086 2835 1220 2892 (olim
1250 2836 1357 2892 264.
1381 2843 1428 2879 et
1454 2835 1616 2895 2766.)
1643 2833 1780 2878 bom-
