1882 3250
230 175 313 215 110
770 179 1197 218 ΔΗΜΟΣΘΕΝΟΎΣ
1337 176 1419 216 on.
1443 174 1575 215 v111.
1598 189 1639 229 p.
1660 186 1752 225 102,
1770 191 1867 215 20-

229 309 311 351 της
350 288 432 337 οὐκ
467 285 549 338 οἷδ’
578 288 717 352 ἥντιν’
747 288 831 338 ι’ἂν
868 289 1009 340 εεῖποι
1043 308 1128 342 τις·
1171 288 1326 356 δούλῳ
1362 288 1410 338 δὲ
1447 289 1629 352 πληγαὶ
1668 289 1743 337 καὶ
1758 313 1797 335 20

232 374 256 422 ὁ
305 377 388 422 τοῦ
436 373 658 436 σώματος·
709 373 940 436 αἶκισμὸς,
988 372 1018 422 ἂ
1061 372 1176 435 μήτε
1221 372 1402 436 γένοιτο
1444 372 1547 421 οὔτε
1591 371 1744 436 λέγειν

232 454 380 523 ἄξιον.

164 555 218 597 53
311 538 476 588 Πάντα
514 540 670 589 τοίνυν
710 539 849 589 τᾶλλ’
888 538 1056 589 ἀεὶπὼν
1096 538 1152 589 ἂν
1193 538 1346 600 ἡδέως,
1387 539 1462 587 καὶ
1501 538 1655 606 δείξας
1692 537 1745 589 ὃν

232 617 408 685 τρόπον
443 621 560 681 ὑμᾶς·
599 621 705 670 ἔνιοι
745 620 1203 681 καταπολιτεύονται,
1230 619 1289 670 τὰ
1321 619 1405 682 μὲν
1432 619 1560 669 ἄλλα
1598 618 1741 670 ἐάσω·

232 704 340 751 ἀλλ’
369 702 553 753 ἐπειδάν
585 726 627 753 τι
663 708 756 753 τῶν
792 703 910 769 πρὸς
947 705 1189 754 Φίλιππον
1228 703 1423 770 ἐμπέσῃ,
1457 701 1589 755 εὐθὺς
1624 705 1740 752 ἀνα-

233 784 352 838 στάς
391 808 459 839 τις·
498 786 626 850 λέγει
667 786 720 837 τὸ
759 786 844 850 τὴν
877 786 1059 852 εἰρήνην
1093 788 1222 852 ἄγειν
1258 789 1319 839 ὡς
1358 786 1537 851 ἀγαθὸν
1577 788 1653 836 καὶ
1688 784 1742 836 τὸ
1757 809 1794 841 25

231 868 418 937 τρέφειν
460 871 655 932 δύναμιν
696 869 912 935 μεγάλην
956 872 1018 924 ὡς
1059 869 1283 937 χαλεπὸν,
1327 874 1402 920 καὶ
1437 878 1463 898 ‘⁶
1481 869 1745 936 διαρπάζειν

233 961 261 982 “
288 953 406 1007 τινες
444 953 503 1004 τὰ
537 954 757 1021 χρήματα
791 955 1073 1014 βούλονται”
1103 956 1178 1005 καὶ
1211 954 1446 1008 τοιούτους
1481 954 1667 1019 λόγους,
1693 954 1751 1022 ἐξ

233 1034 297 1087 ὧν
335 1037 670 1098 ἀναβάλλουσι
709 1038 794 1102 μὲν
836 1041 967 1101 ὑμᾶς,
1008 1039 1210 1105 ἡσυχίαν
1250 1037 1298 1088 δὲ
1336 1043 1555 1089 ποιοῦσιν
1591 1040 1775 1107 ἐκείνῳ·

162 1120 453 1187 54πράττειν
480 1121 504 1172 ὅ
531 1145 575 1172 τι
601 1121 837 1183 βούλεται.
881 1124 930 1172 ἐκ
966 1121 1014 1173 δὲ
1048 1122 1226 1172 τούτων
1255 1123 1572 1187 περιγίγνεται
1609 1123 1747 1186 Εὑμῖν

231 1204 316 1268 μὲν
350 1206 377 1268 ἡ
411 1204 569 1272 σχολὴ
608 1208 684 1256 καὶ
718 1205 772 1256 τὸ
808 1205 951 1270 μηδὲν
983 1204 1090 1270 ῗῆδη
1125 1211 1286 1268 ποιεῖν,
1327 1204 1357 1256 ἃ
1389 1205 1553 1273 δέδοιχ’
1590 1205 1745 1259 ζὸπως
1763 1225 1838 1268 103

232 1288 405 1353 μήποθ’
444 1288 725 1355 Ήὴγήσησθε
763 1291 837 1341 ἐπὶ
875 1294 1048 1359 πολλῷ
1085 1293 1380 1355 γεγενῆσθαι,
1415 1289 1595 1343 τούτοις
1628 1290 1664 1339 δ’
1701 1293 1748 1340 αἱ

233 1371 417 1439 χάριτες
453 1375 528 1423 καὶ
559 1374 583 1423 ὁ
615 1373 788 1436 μισθὸς
824 1375 847 1423 ὁ
883 1373 1076 1424 τούτων.
1120 1373 1213 1438 ἐγὼ
1249 1375 1285 1423 δ’
1314 1372 1479 1437 ὶοῖομαι
1512 1372 1598 1436 τὴν
1635 1371 1747 1436 ιι’μὲν

233 1454 416 1521 εἰρήνην
442 1455 571 1520 ἄγειν
598 1458 683 1523 οὐχ
710 1458 826 1519 ὑμᾶς·
853 1459 945 1506 δεῖν
971 1458 1158 1519 πείθειν,
1185 1456 1227 1506 οἳ
1258 1454 1560 1517 πεπεισμένοι
1594 1453 1740 1518 κάθη-
1757 1478 1774 1508 5

164 1557 219 1600 55
235 1544 339 1598 σθε,
368 1539 498 1591 ἀλλὰ
524 1540 606 1591 τὸν
639 1540 699 1591 τὰ
729 1547 812 1592 τοῦ
846 1542 1057 1604 πολέμου
1090 1540 1374 1607 πράττοντα·
1417 1537 1474 1590 ἂν
1500 1538 1594 1605 γὰρ
1627 1540 1741 1589 ἐκεῖ·

235 1647 312 1678 νος
349 1628 539 1691 πεισθῇ,
572 1624 632 1676 τά
670 1626 711 1690 γ’
741 1626 822 1693 ἀφ’
851 1624 997 1688 Ῑὺμῶν
1036 1624 1289 1691 ωὑπάρχει·
1333 1622 1529 1688 νομίζειν
1564 1623 1601 1673 δ’
1634 1619 1748 1672 εἶναι

235 1709 451 1775 “χαλεπά
502 1710 589 1776 οὐχ
652 1709 725 1759 ὅσ’
779 1708 836 1759 ἂν
892 1713 954 1762 εἷς
1006 1709 1244 1774 σωτηρίαν
1295 1710 1589 1770 δαπανῶμεν,
1633 1707 1744 1756 ἀλλ’

234 1791 264 1842 ἃ
287 1792 562 1855 πεισόμεθα,
613 1792 698 1843 Οᾶν
748 1798 894 1843 ταῦτα
945 1791 1036 1856 Ρμὴ
1079 1793 1311 1855 ἐθέλωμεν
1360 1796 1524 1842 ποιεῖν·
1566 1792 1642 1841 καὶ
1691 1789 1745 1841 τὸ

234 1883 261 1904 “
287 1876 722 1942 (ἰδιαρπασθήσεται
783 1875 843 1926 τὰ
906 1876 1150 1943 χρήματα”
1202 1879 1268 1945 τῷ
1323 1874 1543 1944 φυλακὴν
1589 1879 1743 1936 εἰπεῖν,
1763 1902 1801 1923 ιο

234 1961 286 2009 δι’
335 1960 408 2024 ‘fys‘
451 1959 738 2024 σωθήσεται,
783 1961 994 2022 κωλύειν,
1037 1961 1139 2026 οὐχὶ
1187 1963 1254 2028 τῷ
1297 1965 1379 2010 τοῦ
1420 1958 1747 2025 συμφεροντος

165 2062 220 2114 56
235 2042 514 2112 ἀφεστάναι.
556 2044 728 2094 8καίτοι
774 2044 909 2109 ἔγωγ’
949 2045 1198 2109 ἀγανακτῶ
1246 2045 1321 2093 καὶ
1363 2042 1475 2093 αὐτὸ
1520 2047 1674 2104 τοῦτο,
1713 2039 1749 2091 ὦ

289 2229 308 2257 b
329 2231 370 2266 ἂν
389 2244 458 2266 om.
479 2244 530 2277 pr.
552 2232 595 2266 Y.
730 2237 742 2253 *⁴
763 2231 852 2266 ε’ίποι
871 2234 939 2280 τις]
964 2232 1040 2277 εἵπη
1060 2248 1110 2269 τις
1131 2233 1212 2268 O.11.
1234 2239 1269 2268 et
1289 2239 1465 2268 correctus
1485 2245 1516 2267 V.
1539 2232 1690 2277 εἴποιμεν
1711 2233 1748 2268 S.

1619 2285 1627 2296 ι

1615 2297 1631 2314 U

237 2319 430 2365 Vulgatum
451 2325 504 2353 est
522 2331 556 2364 p.
584 2317 668 2365 138,
693 2330 752 2353 21.
904 2317 921 2345 d
943 2320 1062 2366 εἰπὼν]
1088 2319 1169 2354 εἴπω
1188 2322 1249 2364 μὲν
1271 2321 1305 2355 S.
1459 2326 1474 2345 0
1496 2319 1589 2366 ὑμῖν]
1613 2322 1691 2364 ημῖν
1711 2320 1749 2354 F.

236 2370 251 2397 f
269 2373 347 2418 ἤδη]
371 2370 453 2406 εἶναι
474 2373 510 2407 S.
583 2380 602 2408 g
624 2372 714 2407 ὅπως
729 2384 798 2406 om.
820 2386 870 2418 pr.
889 2373 932 2408 O.
1000 2371 1019 2398 h
1040 2374 1234 2419 ἡγήσησθε]
1254 2373 1425 2419 ἡγήσεσθε
1441 2374 1484 2408 Ο.
1553 2370 1562 2398 i
1584 2372 1696 2417 οἴομαι
1713 2374 1749 2408 S.

235 2423 328 2469 οἶμαι
356 2426 474 2471 vulgo.
615 2421 636 2451 k
665 2426 726 2469 μὲν
755 2438 824 2460 0111.
846 2427 888 2460 Υ.
1026 2424 1035 2451 ¹
1066 2427 1157 2470 ὑμῶν
1188 2428 1221 2461 S.
1271 2427 1471 2473 Legebatur
1500 2427 1592 2471 ὑμῶν
1619 2426 1749 2471 ἕτοιμα.

236 2485 262 2501 ¹¹³
283 2479 443 2525 ὑπάρχει]
471 2479 633 2523 ὑπάρχειν
653 2491 704 2524 pr.
730 2479 765 2513 S.
887 2486 906 2504 ¹²
926 2480 1079 2525 χαλεπὰ]
1102 2481 1144 2514 τὰ
1163 2481 1299 2524 χαλεπὰ
1320 2480 1364 2514 Ο.
1487 2485 1505 2505 0
1525 2478 1564 2514 ἂν
1583 2482 1689 2514 ταῦτα
1707 2480 1752 2524 μὴ

235 2534 404 2576 ἐθελωμεν
423 2545 492 2566 om.
514 2544 563 2576 pr.
587 2532 629 2565 Y.
786 2538 805 2565 P
830 2534 875 2577 μὴ
899 2532 1084 2579 ἐθελωμεν]
1109 2535 1153 2577 μὴ
1172 2533 1335 2578 ’θελωμεν
1357 2533 1391 2567 S.
1436 2533 1525 2572 Quae
1545 2533 1650 2567 erasis
1670 2533 1753 2567 alibi

237 2598 376 2632 quoque
396 2585 533 2620 restitui
552 2591 669 2630 potest
690 2586 749 2619 ubi
775 2586 886 2620 θέλειν
905 2592 985 2632 post
1009 2586 1053 2630 μή
1075 2588 1243 2633 seriptum
1263 2592 1315 2621 cst
1344 2587 1381 2620 in
1411 2586 1446 2627 S,
1466 2592 1506 2620 ut
1526 2599 1559 2632 p.
1581 2594 1667 2633 137,
1691 2586 1752 2621 26.

245 2649 354 2684 1143,
384 2636 576 2684 13.1248‚
599 2650 634 2685 9.
664 2649 773 2685 1425,
797 2646 857 2686 25.
890 2650 1004 2685 1443,
1034 2651 1089 2686 ¹5·
1120 2647 1232 2688 1454,
1257 2651 1316 2675 21.
1361 2640 1460 2674 Idem
1486 2645 1605 2674 tamen
1631 2640 1671 2674 οὐ
1696 2640 1751 2674 θέ-

237 2695 341 2726 λοντα
361 2705 424 2738 pro
445 2693 504 2725 οὐκ
523 2691 685 2726 ἐθέλοντα
703 2705 739 2738 p.
768 2704 879 2739 1054,
901 2692 949 2734 6.‚
970 2694 1030 2727 ubi
1054 2695 1142 2728 crasi
1167 2706 1239 2728 non
1263 2694 1374 2739 magis
1402 2694 1500 2727 locus
1521 2699 1574 2727 est
1593 2705 1698 2739 quam
1717 2693 1753 2727 in

238 2747 267 2779 εἷ
287 2745 403 2780 θέλετε
423 2759 459 2791 p.
478 2745 567 2785 610,
593 2756 637 2786 2.,
659 2752 694 2779 et
713 2747 823 2780 θέλειν
849 2754 929 2793 post
957 2747 1076 2781 literas
1096 2754 1330 2782 consonantes
1357 2747 1502 2792 praebet,
1522 2753 1562 2781 ut
1580 2747 1616 2780 in
1636 2758 1754 2781 exem-
1773 2767 1777 2776 ι

238 2800 304 2844 plis
324 2800 367 2832 ad
387 2812 420 2845 p.
443 2798 531 2839 608,
557 2797 615 2832 26.
637 2800 843 2834 indicandis.
893 2800 1023 2834 Aoristi
1042 2813 1124 2835 vero
1145 2806 1309 2835 constans
1329 2801 1363 2834 in
1387 2800 1484 2834 libris
1509 2800 1682 2846 scriptura
1701 2805 1754 2834 est

239 2851 400 2895 ἠθέλησα,
420 2864 593 2897 nusquam
615 2853 773 2897 ἐθέλησα.
921 2860 940 2886 (1
960 2853 1271 2900 διαρπασθήσεται]
1295 2853 1615 2899 διαρπασθήσεσθαι
1635 2853 1752 2888 Y.u.v.

239 2911 415 2940 correctus
436 2905 478 2940 O.
499 2918 551 2951 pr.
575 2906 609 2939 S.
722 2914 736 2932 Γ
756 2905 811 2953 ἧς]
836 2905 874 2951 ἣν
895 2907 977 2941 RS.
1085 2913 1099 2932 S
1120 2907 1244 2953 καίτοι]
1269 2907 1415 2953 καίτοιγε
1435 2907 1474 2941 F.
