1882 3250
255 190 310 230 62
795 192 1224 230 ΔΗΜΟΣΘΕΝΟΥΣ
1469 189 1551 228 On.
1578 187 1624 226 V.
1647 201 1688 241 p.
1705 196 1775 240 55,
1796 202 1830 235 ¹7

255 303 419 349 φικτύοσι
449 305 563 350 χώραν
592 305 645 337 καὶ
677 303 736 338 τὰς
764 301 897 337 ἐκείνων
929 303 964 336 ἐν
993 305 1040 349 τῷ
1068 301 1234 348 συνεδρίῳ
1268 301 1412 347 ψήφους
1436 301 1528 346 παρὰ
1553 303 1620 334 τῶν
1651 300 1768 334 ἄλλων

253 367 428 411 Ἑλλήνων
458 366 594 412 εἴληφε.
625 368 785 411 πέπομφε
816 367 852 399 δέ
882 367 933 399 καὶ
962 367 1048 411 πρὸς
1072 364 1268 407 Ἀθηναίους
1299 366 1475 409 πρέσβεις,
1502 363 1605 407 ἀξιῶν
1630 364 1682 397 καὶ
1710 357 1834 409 ⁰1²1-56

255 431 334 466 τοὺς
360 434 466 465 ταῦτα
487 433 690 476 συγχωρεῖν.
722 431 773 463 καὶ
793 431 811 463 ὁ
832 429 1050 472 Δημοσθένης
1078 430 1230 471 παραινεῖ
1259 429 1462 472 συγχωρεῖν,
1489 427 1555 460 Γοῦ
1583 429 1631 473 τῷ
1657 427 1766 472 πράγ-

255 509 335 537 ματι
355 496 601 538 συνιστάμενος
629 495 672 529 ὡς
700 493 807 538 ὀρθῶς
835 494 961 537 ἔχοντι,
983 492 1060 525 οὐδὲ
1084 492 1210 524 δίκαιον
1239 487 1323 524 εἶναι
1350 492 1461 535 λέγων
1488 490 1668 534 Βμετέχειν
1685 489 1765 523 Ἑλ·
1781 493 1797 525 5

254 561 393 602 ληνικοῦ
422 558 601 602 συνεδρίου
625 559 685 591 τὸν
712 557 899 595 Μακεδόνα,
931 556 1021 588 ἀλλὰ
1052 553 1193 587 δεδιέναι
1222 554 1367 597 φάσκων
1391 553 1434 596 μὴ
1465 552 1769 598 καταναγκασθῶσι

255 623 367 655 κοινὸν
384 623 535 665 πόλεμον
554 621 639 664 πρὸς
663 620 810 654 ἅπαντας
838 619 917 653 τοὺς
939 618 1110 661 ’Έλληνας
1136 618 1238 661 ἔχειν.
1269 615 1572 661 προσκεκρουκέναι
1592 617 1658 662 γὰρ
1677 615 1770 661 λέγει

255 687 326 719 τοῖς
345 684 532 728 Ἀθηναίοις
551 684 678 718 ι’ἷλλους
698 681 740 716 δι’
759 682 868 716 ι’ἶλλας
887 682 979 715 τινὰς
997 681 1115 720 αἰτίας,
1136 678 1279 714 τούτους
1306 678 1320 704 t
1333 680 1372 722 δὴ
1397 682 1488 722 κοινῇ
1518 685 1533 700 ¹¹
1547 678 1768 723 πολεμήσειν,

256 750 285 783 εἰ
310 749 423 783 αὐτοῖς
443 748 610 790 δώσομεν,
632 748 733 791 φησὶ,
765 746 876 788 κοινὴν
904 745 1012 778 αἰτίαν
1032 743 1156 786 ταύτην
1175 741 1246 777 καθ’
1267 743 1370 785 ἡμῶν,
1401 742 1453 776 ὅτι
1481 744 1577 786 μόνοι
1603 744 1674 778 τοῖς
1702 745 1769 776 τῶν
1786 751 1822 772 10

254 811 512 856 Ἀμφικτυόνων
549 810 752 853 ἐνιστάμεθα
789 809 970 853 δόγμασιν,
1003 806 1093 840 ὥστε
1131 807 1274 839 κάλλιον
1303 806 1364 849 τὴν
1395 806 1527 851 εἰρήνην
1559 808 1682 850 τηρεῖν,
1718 806 1771 839 καὶ

254 877 360 909 ταῦτα
389 874 562 907 Φιλίππου
592 871 902 916 Χπαρεληλυθότος
930 869 1013 903 εἵσω
1042 872 1166 903 Πυλῶν
1196 871 1276 903 Υκαὶ
1305 870 1460 904 ἐπελθεῖν
1487 870 1671 913 δυναμένου
1701 875 1771 913 Ζτῇ

253 937 403 980 Ἀττικῇ,
426 944 443 962 ²¹
460 936 478 979 ἢ
498 937 575 980 περὶ
593 937 713 979 μικροῦ
732 931 752 958 b
765 935 965 976 τηλικοῦτον
985 933 1137 965 κίνδυνον
1156 932 1314 976 ἅρασθαι.

309 998 418 1034 Οὗτος
437 999 473 1032 δέ
489 1000 507 1031 ὁ
526 999 630 1042 λόγος
650 995 947 1041 οπαρεσκευάσθαι
962 996 1033 1038 μέν,
1050 995 1088 1028 οὐ
1107 995 1173 1037 μὴν
1193 995 1349 1039 εἰρῆσθαί
1367 1009 1424 1039 μοι
1444 995 1544 1029 δοκεῖ.
1575 998 1769 1042 κατηγορῶν
1785 1002 1819 1034 ¹5

253 1065 319 1110 γὰρ
339 1064 356 1096 ὁ
375 1062 487 1108 ῥήτωρ
506 1059 671 1105 Αἰσχίνου
703 1061 754 1093 καὶ
781 1061 882 1093 τοῦτο
905 1059 989 1102 μετὰ
1009 1061 1076 1091 τῶν
1095 1058 1211 1091 ἄλλων
1231 1059 1333 1092 αὐτοῦ
1362 1059 1553 1097 διαβάλλει,
1576 1057 1627 1092 ὅτι
1654 1056 1671 1081 d
1686 1073 1767 1093 συν-

254 1126 416 1169 εβούλευε
442 1126 614 1159 Φίλιππον
634 1130 649 1148 θ
663 1122 894 1167 Ἀμφικτύονα
915 1119 996 1155 εἶναι
1016 1121 1256 1167 ψηφίσασθαι.
1278 1122 1420 1165 μηδενὸς
1438 1122 1547 1155 ὅλλου
1575 1124 1771 1166 τολμῶντος

253 1194 355 1226 τοῦτο
376 1188 639 1234 εἰσηγήσασθαι,
660 1188 742 1230 μηδὲ
769 1188 1000 1231 Φιλοκράτους
1027 1188 1086 1219 τοῦ
1116 1187 1250 1219 πάντων
1275 1185 1532 1219 ἀναιδεστάτου.
1565 1187 1624 1220 οὐκ
1647 1185 1687 1220 (ἲν
1711 1185 1770 1220 οὖν
1783 1196 1822 1218 20

255 1255 382 1290 [αὐτὸς
400 1255 477 1300 περὶ
496 1252 625 1287 τούτων
645 1252 952 1296 συμβεβουλευκὼς
981 1251 1039 1284 τὸν
1059 1248 1225 1294 Αἰσχίνην
1249 1249 1300 1283 ἐπ’
1321 1250 1436 1284 αὐτοῖς
1465 1250 1659 1289 διέβαλλεν,
1679 1250 1770 1284 ἀλλὰ

253 1319 411 1362 δηλονότι
437 1317 497 1359 τὴν
523 1316 682 1349 ὑπόνοιαν
717 1315 871 1354 ἱζὲδεισε,
898 1314 943 1357 μὴ
973 1314 1055 1357 δόξῃ
1083 1313 1297 1357 φιλιππίζειν
1328 1314 1380 1346 καὶ
1406 1313 1578 1357 χρήμασιν
1609 1313 1674 1346 ὑπὸ
1707 1315 1769 1347 τοῦ

251 1381 424 1421 βασιλέως
449 1380 600 1414 πεισθεὶς
630 1377 787 1421 τοιαύτην
814 1379 950 1423 γνώμην
977 1376 1234 1421 ἀποφήνασθαι,
1257 1377 1328 1410 ε’πεὶ
1357 1377 1410 1409 καὶ
1435 1377 1470 1409 ἐν
1497 1379 1544 1423 τῷ
1573 1378 1666 1423 λόγῳ
1683 1377 1769 1422 πρὸς
1782 1383 1818 1415 ²5

252 1443 411 1487 τοιαύτην
439 1444 513 1477 τινὰ
544 1443 703 1476 ὑπόνοιαν
735 1443 915 1485 ἱστάμενος
948 1441 1116 1486 φαίνεται,
1153 1441 1318 1475 συνιστὰς
1349 1441 1468 1473 ἑαυτὸν
1503 1440 1547 1475 ὡς
1581 1442 1698 1474 εὔνουν
1729 1442 1770 1483 τῇ

252 1510 350 1541 πόλει
372 1508 422 1541 καὶ
443 1507 709 1552 ἀδωροδόκητον.

256 1607 414 1682 ΟΡΩ
449 1627 549 1692 μὲν,
585 1625 622 1677 ὦ
656 1628 817 1692 ἄνδρες
850 1628 1107 1690 Ἀθηναῖοι,
1143 1626 1202 1676 τὰ
1234 1625 1446 1692 παρόντα
1482 1626 1832 1693 11προίγματα57

252 1711 443 1774 πολλὴν
469 1711 728 1760 δυσκολίαν
755 1709 924 1775 ἔχοντα
950 1711 1025 1759 καὶ
1051 1708 1260 1774 ταραχὴν
1287 1710 1340 1758 οὐ
1366 1708 1513 1771 μόνον
1539 1713 1605 1777 τῷ
1639 1717 1766 1760 πολ-

1682 1791 1702 1818 k

253 1793 319 1844 λὰ
352 1792 626 1859 ἱπροεῖσθαι
665 1795 739 1842 καὶ
771 1791 914 1855 μηδὲν
939 1790 1052 1842 εἶναι
1090 1793 1330 1857 προῦργου
1365 1794 1471 1857 περὶ
1497 1793 1650 1842 αὐτῶν
1719 1793 1770 1843 εὖ

727 1874 819 1944 Ῑτῷ
856 1879 961 1941 περὶ
997 1880 1090 1925 τῶν
1126 1876 1397 1926 ὑπολοίπων
1429 1874 1548 1925 κατὰ
1574 1875 1797 1927 Πιταὺϊδι5

253 1877 423 1942 λέγειν,
452 1876 584 1926 ἀλλὰ
615 1878 691 1926 καὶ

251 1960 368 2024 μηδὲ
399 1961 499 2010 καθ’
533 1958 582 2009 ἓν
614 1958 668 2009 τὸ
704 1959 951 2026 συμφέρον
989 1957 1205 2010 “πάντας
1242 1958 1474 2023 ἡγεῖσθαι,
1508 1956 1640 2007 ἀλλὰ
1671 1961 1768 2010 τοῖς

216 2064 238 2091 2
252 2042 336 2106 μὲν
362 2045 458 2100 ὡδὶ,
486 2047 582 2096 τοῖς
607 2045 648 2091 δ’
677 2049 694 2067 ⁰
712 2042 876 2107 ἑτέρως
904 2044 1069 2092 δοκεῖν·
1113 2040 1351 2091 δυσκόλου
1384 2043 1421 2091 δ’
1451 2041 1586 2093 ὄντος
1624 2041 1770 2109 φύσει

253 2128 327 2176 καὶ
365 2131 578 2192 χαλεποῦ
621 2131 703 2175 τοῦ
744 2125 1072 2186 βουλεύεσθαι,
1114 2125 1179 2174 ἔτι
1221 2131 1394 2192 πολλῷ
1434 2124 1768 2191 χαλεπώτερον

254 2211 381 2272 ὑμεῖς
418 2209 529 2258 αὐτὸ
568 2207 861 2270 πεποιήκατε,
902 2206 938 2257 ὦ
979 2208 1141 2272 ἄνδρες
1179 2211 1430 2271 Ἀθηναῖοι·
1471 2211 1514 2258 οἶ
1554 2207 1640 2271 μὲν
1674 2207 1767 2273 γὰρ
1785 2233 1821 2255 ιο

310 2351 324 2369 Γ
344 2344 382 2376 οὐ
403 2355 472 2376 om.
494 2343 532 2376 F.
635 2347 644 2360 ς
665 2342 835 2387 μετέχειν]
859 2342 1012 2386 ἀντέχειν
1034 2343 1120 2377 B.F.
1219 2345 1227 2364 ¹
1250 2342 1289 2385 δὴ
1311 2342 1351 2376 Y.
1383 2341 1422 2375 δέ
1439 2342 1556 2388 vulgo.
1640 2348 1662 2367 ¹¹
1680 2356 1716 2376 π.
1738 2342 1767 2376 εἶ

255 2397 368 2431 αὐτοῖς
387 2396 560 2441 appendix
584 2394 744 2429 Francos.
777 2395 873 2429 Libri
892 2410 929 2429 π.
952 2395 1084 2430 αὐτούς.
1228 2403 1244 2420 x
1265 2395 1559 2441 παρεληλυθότος]
1581 2395 1769 2441 παρελθόν-

255 2464 314 2484 τος
334 2449 377 2483 O.
489 2455 508 2482 Υ
528 2449 579 2482 καὶ
599 2460 668 2482 om.
691 2448 772 2482 O.u.
899 2454 915 2472 ⁷-
937 2451 976 2491 τῇ
995 2447 1148 2493 Ἀττικῇ]
1173 2449 1233 2491 τὴν
1253 2448 1389 2491 ἀττικήν
1410 2447 1494 2482 B.F.
1617 2454 1637 2473 fl
1658 2447 1676 2492 ἢ
1695 2460 1767 2483 om.

257 2503 341 2536 B.F.
497 2498 516 2526 b
536 2502 753 2547 τηλικοῦτον]
778 2500 979 2545 τηλικούτου
999 2503 1058 2535 τὸν
1080 2502 1165 2536 B.F.
1325 2507 1340 2526 ⁰
1364 2501 1639 2546 παρεσκευάσθαι
1658 2502 1769 2536 codex

257 2556 442 2590 Gothanus
471 2567 491 2588 a
518 2567 570 2600 pr.
591 2567 639 2588 m.
690 2555 889 2601 Legebatur
916 2555 1191 2599 παρεσκευάσθη.
1238 2555 1342 2588 Phot.
1367 2554 1458 2588 Bibl.
1490 2567 1524 2600 p.
1545 2565 1637 2602 492,
1668 2565 1721 2599 14.
1749 2555 1768 2588 ὁ

256 2609 333 2654 περὶ
352 2611 410 2652 τῆς
430 2607 560 2653 εἰρήνης
577 2610 682 2653 λόγος
711 2610 763 2641 καὶ
782 2609 902 2643 ἄλλοις
921 2608 994 2651 μὲν,
1016 2609 1168 2651 μάλιστα
1188 2609 1224 2641 δέ
1245 2609 1392 2654 Λιβανίῳ
1415 2610 1462 2655 τῷ
1481 2608 1638 2652 σοφιστῇ
1662 2621 1767 2654 παρε-

257 2662 444 2696 σκευάσθαι
463 2662 535 2705 μὲν,
558 2661 598 2694 οὐ
616 2662 681 2704 μὴν
701 2661 854 2706 εἰρῆσθαι
875 2662 975 2695 δοκεῖ.
1138 2657 1156 2685 d
1177 2659 1422 2707 συνεβούλευε]
1447 2659 1702 2702 συνεβούλευσε
1722 2660 1766 2695 O.

257 2754 273 2773 θ
293 2747 522 2794 ἀμφικτυονα]
551 2749 637 2782 Vide
657 2761 693 2794 p.
715 2756 804 2795 375.
929 2745 944 2772 f
960 2747 1077 2794 αὐτὸς]
1099 2720 1202 2782 ebrini
1221 2749 1239 2780 ὁ
1260 2748 1301 2782 Y.
1426 2751 1442 2774 Β
1460 2747 1590 2794 ἔδεισε]
1615 2746 1769 2791 ἐδήλωσε

262 2801 346 2836 B.F.
440 2799 459 2826 h
479 2804 660 2847 πράγματα
679 2814 749 2836 om.
773 2814 823 2847 pr.
846 2801 890 2835 O.
983 2808 988 2823 ¹
1008 2801 1206 2847 προεῖσθαι]
1229 2801 1395 2846 προέσθαι
1418 2801 1452 2835 S.
1539 2798 1613 2834 1(τίῖ
1631 2799 1762 2846 λέγειν]

258 2856 411 2900 εὐλογεῖν
430 2856 471 2889 A.
499 2856 593 2901 quod
622 2855 712 2889 infra
739 2868 770 2889 v.
799 2866 854 2902 15.
882 2867 946 2900 pro
967 2853 1003 2888 εὖ
1021 2857 1135 2900 λέγειν
1157 2856 1300 2889 affertur
1320 2866 1361 2888 ex
1383 2855 1419 2896 S,
1441 2855 1501 2888 nbi
1521 2855 1563 2888 A.
1592 2859 1631 2888 ut
1649 2853 1767 2899 vulgo.

258 2904 268 2931 l
288 2909 336 2954 τῷ
354 2919 423 2941 om.
446 2908 525 2941 AS.
555 2911 603 2954 τῷ
620 2910 697 2952 περὶ
717 2921 785 2942 om.
806 2922 861 2953 γρ.
882 2920 918 2941 u.
1068 2913 1094 2930 ¹¹¹
1114 2907 1236 2953 ταύτὰ]
1261 2909 1367 2941 ταῦτα
1386 2907 1429 2941 Y.
1579 2912 1599 2931 ¹¹
1618 2905 1767 2952 πάντας]

257 2958 406 2995 ἅπαντας
426 2961 468 2994 Y.
581 2966 598 2985 ⁰
619 2961 755 3007 ἑτέρως]
779 2963 924 3006 ἑτέρωσε
945 2961 1028 2994 B.F.
