<?xml version="1.0" encoding="UTF-8"?>
<!DOCTYPE html PUBLIC "-//W3C//DTD XHTML 1.0 Transitional//EN"
    "http://www.w3.org/TR/xhtml1/DTD/xhtml1-transitional.dtd">
<html xmlns="http://www.w3.org/1999/xhtml" xml:lang="en" lang="en">
 <head>
  <title>
</title>
<meta http-equiv="Content-Type" content="text/html;charset=utf-8" />
  <meta name='ocr-system' content='tesseract 3.04.00' />
  <meta name='ocr-capabilities' content='ocr_page ocr_carea ocr_par ocr_line ocrx_word'/>
</head>
<body>
  <div class='ocr_page' id='page_1' title='image "./operaexrecension01demouoft_0223.png"; bbox 0 0 1882 3250; ppageno 0'>
   <div class='ocr_carea' id='block_1_1' title="bbox 51 176 1622 227">
    <p class='ocr_par' dir='ltr' id='par_1_1' title="bbox 51 176 1622 227">
     <span class='ocr_line' id='line_1_1' title="bbox 51 176 1622 227; baseline 0.001 -9"><span class='ocrx_word' id='word_1_1' title='bbox 51 176 142 227; x_wconf 90' lang='lat'><strong>186,</strong></span> <span class='ocrx_word' id='word_1_2' title='bbox 163 189 195 217; x_wconf 86' lang='lat'><strong>6.</strong></span> <span class='ocrx_word' id='word_1_3' title='bbox 543 179 670 215; x_wconf 81' lang='grc' dir='ltr'>ΠΕΡΙ</span> <span class='ocrx_word' id='word_1_4' title='bbox 699 178 815 215; x_wconf 85' lang='grc' dir='ltr'>ΤΩΝ</span> <span class='ocrx_word' id='word_1_5' title='bbox 847 178 1191 216; x_wconf 80' lang='grc' dir='ltr'>ΣΤΜΜΟΡΙΩΝ.</span> <span class='ocrx_word' id='word_1_6' title='bbox 1538 178 1622 221; x_wconf 77' lang='lat'>19⁷</span> 
     </span>
    </p>
   </div>
   <div class='ocr_carea' id='block_1_2' title="bbox 108 285 1620 519">
    <p class='ocr_par' dir='ltr' id='par_1_2' title="bbox 108 285 1620 519">
     <span class='ocr_line' id='line_1_2' title="bbox 109 285 1620 354; baseline 0.001 -16"><span class='ocrx_word' id='word_1_7' title='bbox 109 289 255 341; x_wconf 79' lang='grc' dir='ltr'>οὕτως</span> <span class='ocrx_word' id='word_1_8' title='bbox 283 285 462 350; x_wconf 83' lang='grc' dir='ltr'>ἠλίθιός</span> <span class='ocrx_word' id='word_1_9' title='bbox 486 288 617 337; x_wconf 86' lang='grc' dir='ltr'>ἐστιν</span> <span class='ocrx_word' id='word_1_10' title='bbox 643 286 774 340; x_wconf 80' lang='grc' dir='ltr'>ὅστις</span> <span class='ocrx_word' id='word_1_11' title='bbox 800 289 923 354; x_wconf 59' lang='grc' dir='ltr'>ἕοὺχ</span> <span class='ocrx_word' id='word_1_12' title='bbox 951 286 1067 338; x_wconf 81' lang='grc' dir='ltr'>ἑκὼν</span> <span class='ocrx_word' id='word_1_13' title='bbox 1101 285 1159 337; x_wconf 76' lang='grc' dir='ltr'>ἂν</span> <span class='ocrx_word' id='word_1_14' title='bbox 1190 288 1292 351; x_wconf 83' lang='grc' dir='ltr'><em>δοίη</em></span> <span class='ocrx_word' id='word_1_15' title='bbox 1327 290 1402 338; x_wconf 79' lang='grc' dir='ltr'>καὶ</span> <span class='ocrx_word' id='word_1_16' title='bbox 1434 293 1620 354; x_wconf 82' lang='grc' dir='ltr'>πρῶτος</span> 
     </span>
     <span class='ocr_line' id='line_1_3' title="bbox 108 369 1620 437; baseline 0 -15"><span class='ocrx_word' id='word_1_17' title='bbox 108 371 414 436; x_wconf 68' lang='grc' dir='ltr'>11εἰσενέγκοι·</span> <span class='ocrx_word' id='word_1_18' title='bbox 472 371 540 424; x_wconf 83' lang='grc' dir='ltr'>τίς</span> <span class='ocrx_word' id='word_1_19' title='bbox 585 370 678 436; x_wconf 78' lang='grc' dir='ltr'>γὰρ</span> <span class='ocrx_word' id='word_1_20' title='bbox 723 370 965 437; x_wconf 80' lang='grc' dir='ltr'>αἱρήσεται</span> <span class='ocrx_word' id='word_1_21' title='bbox 1015 375 1205 433; x_wconf 84' lang='grc' dir='ltr'>μᾶλλον</span> <span class='ocrx_word' id='word_1_22' title='bbox 1249 369 1386 423; x_wconf 80' lang='grc' dir='ltr'>αὐτὸς</span> <span class='ocrx_word' id='word_1_23' title='bbox 1436 373 1511 421; x_wconf 81' lang='grc' dir='ltr'>καὶ</span> <span class='ocrx_word' id='word_1_24' title='bbox 1561 371 1620 422; x_wconf 79' lang='grc' dir='ltr'>τὰ</span> 
     </span>
     <span class='ocr_line' id='line_1_4' title="bbox 112 452 1619 519; baseline 0.001 -15"><span class='ocrx_word' id='word_1_25' title='bbox 112 454 228 505; x_wconf 61' lang='grc' dir='ltr'>ῑὸντ’</span> <span class='ocrx_word' id='word_1_26' title='bbox 269 453 568 504; x_wconf 79' lang='grc' dir='ltr'>ἀπολωλέναι</span> <span class='ocrx_word' id='word_1_27' title='bbox 607 453 636 518; x_wconf 81' lang='grc' dir='ltr'>ἦ</span> <span class='ocrx_word' id='word_1_28' title='bbox 681 454 817 519; x_wconf 74' lang='grc' dir='ltr'>μέρος</span> <span class='ocrx_word' id='word_1_29' title='bbox 862 458 954 504; x_wconf 83' lang='grc' dir='ltr'>τῶν</span> <span class='ocrx_word' id='word_1_30' title='bbox 992 453 1140 504; x_wconf 82' lang='grc' dir='ltr'>ὅντων</span> <span class='ocrx_word' id='word_1_31' title='bbox 1179 453 1292 519; x_wconf 71' lang='grc' dir='ltr'>ὑπὲρ</span> <span class='ocrx_word' id='word_1_32' title='bbox 1330 452 1507 505; x_wconf 52' lang='grc' dir='ltr'>Καὺτοῦ</span> <span class='ocrx_word' id='word_1_33' title='bbox 1545 457 1619 505; x_wconf 85' lang='grc' dir='ltr'>καὶ</span> 
     </span>
    </p>
   </div>
   <div class='ocr_carea' id='block_1_3' title="bbox 469 536 479 563">
    <p class='ocr_par' dir='ltr' id='par_1_3' title="bbox 469 536 479 563">
     <span class='ocr_line' id='line_1_5' title="bbox 469 536 479 563; baseline 0 0"><span class='ocrx_word' id='word_1_34' title='bbox 469 536 479 563; x_wconf 88' lang='grc'>1</span> 
     </span>
    </p>
   </div>
   <div class='ocr_carea' id='block_1_4' title="bbox 110 537 1667 606">
    <p class='ocr_par' dir='ltr' id='par_1_4' title="bbox 110 537 1667 606">
     <span class='ocr_line' id='line_1_6' title="bbox 110 537 1667 606; baseline 0.001 -18"><span class='ocrx_word' id='word_1_35' title='bbox 110 543 203 588; x_wconf 80' lang='grc' dir='ltr'>τῶν</span> <span class='ocrx_word' id='word_1_36' title='bbox 247 542 428 588; x_wconf 81' lang='grc' dir='ltr'>λοιπῶν</span> <span class='ocrx_word' id='word_1_37' title='bbox 495 542 800 601; x_wconf 75' lang='grc' dir='ltr'>εἱσενεγκεΐνς</span> <span class='ocrx_word' id='word_1_38' title='bbox 855 537 1074 605; x_wconf 80' lang='grc' dir='ltr'>χρήματα</span> <span class='ocrx_word' id='word_1_39' title='bbox 1115 537 1199 600; x_wconf 76' lang='grc' dir='ltr'>μὲν</span> <span class='ocrx_word' id='word_1_40' title='bbox 1240 537 1296 602; x_wconf 85' lang='grc' dir='ltr'>δή</span> <span class='ocrx_word' id='word_1_41' title='bbox 1342 542 1464 606; x_wconf 86' lang='grc' dir='ltr'>φημι</span> <span class='ocrx_word' id='word_1_42' title='bbox 1507 537 1620 589; x_wconf 74' lang='grc' dir='ltr'>εἶναι</span> <span class='ocrx_word' id='word_1_43' title='bbox 1632 563 1667 593; x_wconf 90' lang='lat'>15</span> 
     </span>
    </p>
   </div>
   <div class='ocr_carea' id='block_1_5' title="bbox 109 618 1622 688">
    <p class='ocr_par' dir='ltr' id='par_1_5' title="bbox 109 618 1622 688">
     <span class='ocr_line' id='line_1_7' title="bbox 109 618 1622 688; baseline 0.001 -18"><span class='ocrx_word' id='word_1_44' title='bbox 109 619 228 682; x_wconf 87' lang='grc' dir='ltr'>τότε,</span> <span class='ocrx_word' id='word_1_45' title='bbox 254 618 312 670; x_wconf 75' lang='grc' dir='ltr'>ἂν</span> <span class='ocrx_word' id='word_1_46' title='bbox 342 622 404 673; x_wconf 88' lang='grc' dir='ltr'>ὡς</span> <span class='ocrx_word' id='word_1_47' title='bbox 438 622 627 684; x_wconf 80' lang='grc' dir='ltr'>ἀληθῶς</span> <span class='ocrx_word' id='word_1_48' title='bbox 658 621 748 688; x_wconf 79' lang='grc' dir='ltr'>δέῃ,</span> <span class='ocrx_word' id='word_1_49' title='bbox 774 620 1003 687; x_wconf 85' lang='grc' dir='ltr'>πρότερον</span> <span class='ocrx_word' id='word_1_50' title='bbox 1031 622 1067 670; x_wconf 86' lang='grc' dir='ltr'>δ’</span> <span class='ocrx_word' id='word_1_51' title='bbox 1097 622 1166 671; x_wconf 80' lang='grc' dir='ltr'>οὕ.</span> <span class='ocrx_word' id='word_1_52' title='bbox 1222 620 1291 671; x_wconf 86' lang='grc' dir='ltr'>διὸ</span> <span class='ocrx_word' id='word_1_53' title='bbox 1326 621 1441 684; x_wconf 76' lang='grc' dir='ltr'>μηδὲ</span> <span class='ocrx_word' id='word_1_54' title='bbox 1474 621 1622 686; x_wconf 73' lang='grc' dir='ltr'>ζητεῖν</span> 
     </span>
    </p>
   </div>
   <div class='ocr_carea' id='block_1_6' title="bbox 0 0 50 1012">
    <p class='ocr_par' dir='ltr' id='par_1_6' title="bbox 0 0 50 1012">
     <span class='ocr_line' id='line_1_8' title="bbox 0 0 50 1012; baseline 0 0"><span class='ocrx_word' id='word_1_55' title='bbox 0 0 50 1012; x_wconf 95' lang='lat' dir='ltr'>   </span> 
     </span>
    </p>
   </div>
   <div class='ocr_carea' id='block_1_7' title="bbox 0 702 1716 2114">
    <p class='ocr_par' dir='ltr' id='par_1_7' title="bbox 46 702 1671 1021">
     <span class='ocr_line' id='line_1_9' title="bbox 46 702 1622 770; baseline 0.001 -16"><span class='ocrx_word' id='word_1_56' title='bbox 46 723 98 765; x_wconf 84' lang='grc'>33</span> <span class='ocrx_word' id='word_1_57' title='bbox 111 707 335 769; x_wconf 82' lang='grc' dir='ltr'>παραινῶ·</span> <span class='ocrx_word' id='word_1_58' title='bbox 376 702 470 753; x_wconf 81' lang='grc' dir='ltr'>ὅσα</span> <span class='ocrx_word' id='word_1_59' title='bbox 502 703 596 769; x_wconf 82' lang='grc' dir='ltr'>γὰρ</span> <span class='ocrx_word' id='word_1_60' title='bbox 626 707 771 754; x_wconf 67' lang='grc' dir='ltr'>Ῑῃνυνὶ</span> <span class='ocrx_word' id='word_1_61' title='bbox 802 705 1072 769; x_wconf 54' lang='grc' dir='ltr'>Ι17τορι’σαιτ’</span> <span class='ocrx_word' id='word_1_62' title='bbox 1101 703 1202 766; x_wconf 72' lang='grc' dir='ltr'>Οᾶν,</span> <span class='ocrx_word' id='word_1_63' title='bbox 1234 708 1300 754; x_wconf 71' lang='lat' dir='ltr'>Pel</span> <span class='ocrx_word' id='word_1_64' title='bbox 1337 702 1622 770; x_wconf 77' lang='grc' dir='ltr'>προέλοισθε</span> 
     </span>
     <span class='ocr_line' id='line_1_10' title="bbox 109 784 1621 854; baseline 0 -18"><span class='ocrx_word' id='word_1_65' title='bbox 109 786 322 852; x_wconf 74' lang='grc' dir='ltr'>πορίζειν,</span> <span class='ocrx_word' id='word_1_66' title='bbox 364 786 575 836; x_wconf 54' lang='grc' dir='ltr'>Ἶπλείων</span> <span class='ocrx_word' id='word_1_67' title='bbox 620 788 723 836; x_wconf 84' lang='grc' dir='ltr'>ἐστὶ</span> <span class='ocrx_word' id='word_1_68' title='bbox 766 785 919 851; x_wconf 79' lang='grc' dir='ltr'>γέλως</span> <span class='ocrx_word' id='word_1_69' title='bbox 961 791 1043 836; x_wconf 86' lang='grc' dir='ltr'>τοῦ</span> <span class='ocrx_word' id='word_1_70' title='bbox 1089 784 1301 849; x_wconf 85' lang='grc' dir='ltr'>μηδενός.</span> <span class='ocrx_word' id='word_1_71' title='bbox 1364 786 1475 854; x_wconf 75' lang='grc' dir='ltr'>φέρε</span> <span class='ocrx_word' id='word_1_72' title='bbox 1514 786 1621 853; x_wconf 81' lang='grc' dir='ltr'>γὰρ,</span> 
     </span>
     <span class='ocr_line' id='line_1_11' title="bbox 109 868 1671 939; baseline -0.001 -20"><span class='ocrx_word' id='word_1_73' title='bbox 109 868 392 933; x_wconf 58' lang='grc' dir='ltr'>Γὲκατοστήν</span> <span class='ocrx_word' id='word_1_74' title='bbox 418 892 486 922; x_wconf 92' lang='grc' dir='ltr'>τις</span> <span class='ocrx_word' id='word_1_75' title='bbox 510 869 741 937; x_wconf 77' lang='grc' dir='ltr'>εἰσφέρειν</span> <span class='ocrx_word' id='word_1_76' title='bbox 771 871 867 935; x_wconf 83' lang='grc' dir='ltr'>ἐρεῖ</span> <span class='ocrx_word' id='word_1_77' title='bbox 892 875 1026 930; x_wconf 69' lang='grc' dir='ltr'>Ξνῦν,</span> <span class='ocrx_word' id='word_1_78' title='bbox 1067 871 1233 920; x_wconf 82' lang='grc' dir='ltr'>οὐκοῦν</span> <span class='ocrx_word' id='word_1_79' title='bbox 1258 869 1486 939; x_wconf 78' lang='grc' dir='ltr'>ἑξήκοντα</span> <span class='ocrx_word' id='word_1_80' title='bbox 1509 869 1615 921; x_wconf 63' lang='lat' dir='ltr'>troi·</span> <span class='ocrx_word' id='word_1_81' title='bbox 1632 897 1671 919; x_wconf 87' lang='lat'>20</span> 
     </span>
     <span class='ocr_line' id='line_1_12' title="bbox 108 952 1622 1021; baseline 0.002 -18"><span class='ocrx_word' id='word_1_82' title='bbox 108 959 274 1004; x_wconf 88' lang='grc' dir='ltr'>λαντα.</span> <span class='ocrx_word' id='word_1_83' title='bbox 338 952 469 1003; x_wconf 78' lang='grc' dir='ltr'>ἀλλὰ</span> <span class='ocrx_word' id='word_1_84' title='bbox 501 954 825 1018; x_wconf 86' lang='grc' dir='ltr'>πεντηκοστήν</span> <span class='ocrx_word' id='word_1_85' title='bbox 861 977 930 1008; x_wconf 88' lang='grc' dir='ltr'>τις</span> <span class='ocrx_word' id='word_1_86' title='bbox 964 956 1065 1021; x_wconf 80' lang='grc' dir='ltr'>ἐρεῖ,</span> <span class='ocrx_word' id='word_1_87' title='bbox 1091 953 1144 1005; x_wconf 78' lang='grc' dir='ltr'>τὸ</span> <span class='ocrx_word' id='word_1_88' title='bbox 1176 958 1409 1015; x_wconf 82' lang='grc' dir='ltr'>διπλοῦν;</span> <span class='ocrx_word' id='word_1_89' title='bbox 1456 956 1622 1006; x_wconf 82' lang='grc' dir='ltr'>οὐκοῦν</span> 
     </span>
    </p>

    <p class='ocr_par' dir='ltr' id='par_1_8' title="bbox 0 1014 1668 1442">
     <span class='ocr_line' id='line_1_13' title="bbox 0 1014 1622 1126; baseline 0.003 -38"><span class='ocrx_word' id='word_1_90' title='bbox 0 1014 10 1126; x_wconf 68' lang='grc'>,’</span> <span class='ocrx_word' id='word_1_91' title='bbox 109 1037 273 1089; x_wconf 83' lang='grc' dir='ltr'>ἑκατὸν</span> <span class='ocrx_word' id='word_1_92' title='bbox 323 1040 396 1088; x_wconf 80' lang='grc' dir='ltr'>καὶ</span> <span class='ocrx_word' id='word_1_93' title='bbox 447 1038 607 1089; x_wconf 78' lang='grc' dir='ltr'>εἴκοσι·</span> <span class='ocrx_word' id='word_1_94' title='bbox 671 1041 745 1089; x_wconf 72' lang='grc' dir='ltr'>καὶ</span> <span class='ocrx_word' id='word_1_95' title='bbox 796 1040 845 1089; x_wconf 89' lang='grc' dir='ltr'>τί</span> <span class='ocrx_word' id='word_1_96' title='bbox 891 1042 1017 1090; x_wconf 79' lang='grc' dir='ltr'>τοῦτ’</span> <span class='ocrx_word' id='word_1_97' title='bbox 1060 1040 1163 1090; x_wconf 70' lang='grc' dir='ltr'>ε”στι</span> <span class='ocrx_word' id='word_1_98' title='bbox 1213 1039 1331 1106; x_wconf 81' lang='grc' dir='ltr'>πρὸς</span> <span class='ocrx_word' id='word_1_99' title='bbox 1381 1041 1622 1094; x_wconf 83' lang='grc' dir='ltr'>διακοσίας</span> 
     </span>
     <span class='ocr_line' id='line_1_14' title="bbox 106 1119 1622 1191; baseline 0.001 -18"><span class='ocrx_word' id='word_1_100' title='bbox 106 1125 181 1173; x_wconf 82' lang='grc' dir='ltr'>καὶ</span> <span class='ocrx_word' id='word_1_101' title='bbox 230 1122 387 1189; x_wconf 86' lang='grc' dir='ltr'>χιλίας</span> <span class='ocrx_word' id='word_1_102' title='bbox 444 1123 698 1186; x_wconf 73' lang='grc' dir='ltr'>καμήλους,</span> <span class='ocrx_word' id='word_1_103' title='bbox 755 1119 809 1176; x_wconf 75' lang='grc' dir='ltr'>ἃς</span> <span class='ocrx_word' id='word_1_104' title='bbox 864 1128 1064 1184; x_wconf 80' lang='grc' dir='ltr'>βασιλεῖ</span> <span class='ocrx_word' id='word_1_105' title='bbox 1119 1123 1177 1173; x_wconf 80' lang='grc' dir='ltr'>τὰ</span> <span class='ocrx_word' id='word_1_106' title='bbox 1238 1122 1436 1191; x_wconf 80' lang='grc' dir='ltr'>χρήματ’</span> <span class='ocrx_word' id='word_1_107' title='bbox 1491 1124 1622 1189; x_wconf 81' lang='grc' dir='ltr'>ἄγειν</span> 
     </span>
     <span class='ocr_line' id='line_1_15' title="bbox 108 1205 1618 1274; baseline 0.001 -18"><span class='ocrx_word' id='word_1_108' title='bbox 108 1207 260 1274; x_wconf 73' lang='grc' dir='ltr'>φασὶν</span> <span class='ocrx_word' id='word_1_109' title='bbox 294 1206 448 1266; x_wconf 75' lang='grc' dir='ltr'>οὗτοις</span> <span class='ocrx_word' id='word_1_110' title='bbox 495 1205 626 1256; x_wconf 77' lang='grc' dir='ltr'>ἀλλὰ</span> <span class='ocrx_word' id='word_1_111' title='bbox 659 1211 726 1257; x_wconf 81' lang='grc' dir='ltr'>θῶ</span> <span class='ocrx_word' id='word_1_112' title='bbox 760 1207 997 1267; x_wconf 80' lang='grc' dir='ltr'>βούλεσθε</span> <span class='ocrx_word' id='word_1_113' title='bbox 1031 1206 1294 1271; x_wconf 78' lang='grc' dir='ltr'>δωδεκάτην</span> <span class='ocrx_word' id='word_1_114' title='bbox 1326 1207 1447 1270; x_wconf 82' lang='grc' dir='ltr'>ἡμᾶς</span> <span class='ocrx_word' id='word_1_115' title='bbox 1472 1208 1618 1257; x_wconf 80' lang='grc' dir='ltr'>εἰσοί-</span> 
     </span>
     <span class='ocr_line' id='line_1_16' title="bbox 108 1288 1668 1358; baseline 0 -18"><span class='ocrx_word' id='word_1_116' title='bbox 108 1312 223 1352; x_wconf 84' lang='grc' dir='ltr'>σειν,</span> <span class='ocrx_word' id='word_1_117' title='bbox 262 1289 551 1340; x_wconf 87' lang='grc' dir='ltr'>πεντακόσια</span> <span class='ocrx_word' id='word_1_118' title='bbox 594 1288 841 1351; x_wconf 79' lang='grc' dir='ltr'>τάλαντα;</span> <span class='ocrx_word' id='word_1_119' title='bbox 898 1291 1008 1340; x_wconf 86' lang='grc' dir='ltr'>ἀλλ’</span> <span class='ocrx_word' id='word_1_120' title='bbox 1048 1292 1174 1341; x_wconf 63' lang='lat' dir='ltr'>uoz’z&#39;r’</span> <span class='ocrx_word' id='word_1_121' title='bbox 1217 1289 1274 1341; x_wconf 81' lang='grc' dir='ltr'>ἂν</span> <span class='ocrx_word' id='word_1_122' title='bbox 1313 1289 1668 1358; x_wconf 64' lang='grc' dir='ltr'>ἀνάσχοισθε,ι5</span> 
     </span>
     <span class='ocr_line' id='line_1_17' title="bbox 108 1373 1615 1442; baseline 0.001 -18"><span class='ocrx_word' id='word_1_123' title='bbox 108 1375 257 1436; x_wconf 52' lang='grc' dir='ltr'>Ψοῦτζ</span> <span class='ocrx_word' id='word_1_124' title='bbox 299 1378 336 1424; x_wconf 78' lang='grc' dir='ltr'>εἰ</span> <span class='ocrx_word' id='word_1_125' title='bbox 385 1378 674 1436; x_wconf 75' lang='grc' dir='ltr'>Χκαταθεῖτε,</span> <span class='ocrx_word' id='word_1_126' title='bbox 720 1374 831 1442; x_wconf 72' lang='grc' dir='ltr'>ἄξια</span> <span class='ocrx_word' id='word_1_127' title='bbox 881 1379 962 1424; x_wconf 83' lang='grc' dir='ltr'>τοῦ</span> <span class='ocrx_word' id='word_1_128' title='bbox 1012 1374 1224 1438; x_wconf 74' lang='grc' dir='ltr'>πολέμου</span> <span class='ocrx_word' id='word_1_129' title='bbox 1274 1374 1333 1425; x_wconf 79' lang='grc' dir='ltr'>τὰ</span> <span class='ocrx_word' id='word_1_130' title='bbox 1381 1373 1615 1441; x_wconf 82' lang='grc' dir='ltr'>χρήματα.</span> 
     </span>
    </p>

    <p class='ocr_par' dir='ltr' id='par_1_9' title="bbox 1 1441 1622 1524">
     <span class='ocr_line' id='line_1_18' title="bbox 1 1441 1622 1524; baseline 0.001 -16"><span class='ocrx_word' id='word_1_131' title='bbox 1 1441 5 1499; x_wconf 52' lang='grc' dir='ltr'><strong><em>Ξ</em></strong></span> <span class='ocrx_word' id='word_1_132' title='bbox 43 1461 181 1516; x_wconf 83' lang='grc' dir='ltr'>34δεῖ</span> <span class='ocrx_word' id='word_1_133' title='bbox 224 1458 379 1508; x_wconf 82' lang='grc' dir='ltr'>τοίνυν</span> <span class='ocrx_word' id='word_1_134' title='bbox 421 1459 570 1520; x_wconf 64' lang='grc' dir='ltr'>Ῡὺμᾶς</span> <span class='ocrx_word' id='word_1_135' title='bbox 611 1457 703 1509; x_wconf 63' lang='grc' dir='ltr'>2τά</span> <span class='ocrx_word' id='word_1_136' title='bbox 746 1457 830 1522; x_wconf 74' lang='grc' dir='ltr'>μὲν</span> <span class='ocrx_word' id='word_1_137' title='bbox 871 1458 1002 1508; x_wconf 75' lang='grc' dir='ltr'>ἄλλα</span> <span class='ocrx_word' id='word_1_138' title='bbox 1045 1459 1520 1524; x_wconf 83' lang='grc' dir='ltr'>παρασκευάσασθαι,</span> <span class='ocrx_word' id='word_1_139' title='bbox 1562 1459 1622 1510; x_wconf 80' lang='grc' dir='ltr'>τὰ</span> 
     </span>
    </p>

    <p class='ocr_par' dir='ltr' id='par_1_10' title="bbox 0 1532 1621 1627">
     <span class='ocr_line' id='line_1_19' title="bbox 0 1532 1621 1627; baseline 0.002 -36"><span class='ocrx_word' id='word_1_140' title='bbox 0 1532 4 1627; x_wconf 53' lang='grc' dir='ltr'><strong><em>Ξ</em></strong></span> <span class='ocrx_word' id='word_1_141' title='bbox 109 1541 159 1592; x_wconf 80' lang='grc' dir='ltr'>δὲ</span> <span class='ocrx_word' id='word_1_142' title='bbox 190 1540 410 1608; x_wconf 85' lang='grc' dir='ltr'>χρήματα</span> <span class='ocrx_word' id='word_1_143' title='bbox 445 1547 526 1592; x_wconf 87' lang='grc' dir='ltr'>νῦν</span> <span class='ocrx_word' id='word_1_144' title='bbox 562 1542 646 1604; x_wconf 78' lang='grc' dir='ltr'>μὲν</span> <span class='ocrx_word' id='word_1_145' title='bbox 679 1543 758 1592; x_wconf 83' lang='grc' dir='ltr'>ἐᾶν</span> <span class='ocrx_word' id='word_1_146' title='bbox 788 1540 894 1595; x_wconf 77' lang='grc' dir='ltr'>τοὺς</span> <span class='ocrx_word' id='word_1_147' title='bbox 921 1542 1223 1606; x_wconf 80' lang='grc' dir='ltr'>κεκτημένους</span> <span class='ocrx_word' id='word_1_148' title='bbox 1249 1542 1368 1609; x_wconf 77' lang='grc' dir='ltr'>ἔχειν</span> <span class='ocrx_word' id='word_1_149' title='bbox 1397 1544 1621 1606; x_wconf 84' lang='grc' dir='ltr'>(οὐδαμοῦ</span> 
     </span>
    </p>

    <p class='ocr_par' dir='ltr' id='par_1_11' title="bbox 0 1624 1716 2029">
     <span class='ocr_line' id='line_1_20' title="bbox 0 1624 1620 1693; baseline 0.001 -18"><span class='ocrx_word' id='word_1_150' title='bbox 0 1629 3 1660; x_wconf 70' lang='lat'>¹&#39;</span> <span class='ocrx_word' id='word_1_151' title='bbox 108 1624 201 1691; x_wconf 79' lang='grc' dir='ltr'>γὰρ</span> <span class='ocrx_word' id='word_1_152' title='bbox 227 1625 284 1675; x_wconf 81' lang='grc' dir='ltr'>ἂν</span> <span class='ocrx_word' id='word_1_153' title='bbox 309 1627 356 1675; x_wconf 87' lang='grc' dir='ltr'>ἐν</span> <span class='ocrx_word' id='word_1_154' title='bbox 382 1626 597 1675; x_wconf 87' lang='grc' dir='ltr'>καλλίονι</span> <span class='ocrx_word' id='word_1_155' title='bbox 630 1625 827 1691; x_wconf 74' lang='grc' dir='ltr'>σώζοιτο</span> <span class='ocrx_word' id='word_1_156' title='bbox 853 1629 911 1693; x_wconf 85' lang='grc' dir='ltr'>τῇ</span> <span class='ocrx_word' id='word_1_157' title='bbox 937 1624 1113 1693; x_wconf 88' lang='grc' dir='ltr'>πόλει),</span> <span class='ocrx_word' id='word_1_158' title='bbox 1139 1624 1218 1675; x_wconf 79' lang='grc' dir='ltr'>ἐὰν</span> <span class='ocrx_word' id='word_1_159' title='bbox 1245 1626 1299 1676; x_wconf 78' lang='grc' dir='ltr'>δέ</span> <span class='ocrx_word' id='word_1_160' title='bbox 1322 1627 1456 1676; x_wconf 70' lang='grc' dir='ltr'>ξὶποθ’</span> <span class='ocrx_word' id='word_1_161' title='bbox 1487 1627 1620 1680; x_wconf 72' lang='grc' dir='ltr'>οὗτος</span> 
     </span>
     <span class='ocr_line' id='line_1_21' title="bbox 109 1708 1716 1778; baseline -0.001 -18"><span class='ocrx_word' id='word_1_162' title='bbox 109 1710 134 1760; x_wconf 84' lang='grc' dir='ltr'><em>ὃ</em></span> <span class='ocrx_word' id='word_1_163' title='bbox 159 1708 343 1775; x_wconf 62' lang='grc' dir='ltr'>ι)καιρὸς</span> <span class='ocrx_word' id='word_1_164' title='bbox 369 1709 523 1776; x_wconf 56' lang='grc' dir='ltr'>εὲλθῃ,</span> <span class='ocrx_word' id='word_1_165' title='bbox 549 1708 653 1760; x_wconf 86' lang='grc' dir='ltr'>τότε</span> <span class='ocrx_word' id='word_1_166' title='bbox 684 1709 883 1760; x_wconf 84' lang='grc' dir='ltr'>ἑκόντων</span> <span class='ocrx_word' id='word_1_167' title='bbox 910 1709 1226 1778; x_wconf 78' lang='grc' dir='ltr'>εἰσφερόντων</span> <span class='ocrx_word' id='word_1_168' title='bbox 1252 1711 1403 1760; x_wconf 79' lang='grc' dir='ltr'>αὐτῶν</span> <span class='ocrx_word' id='word_1_169' title='bbox 1430 1709 1619 1774; x_wconf 79' lang='grc' dir='ltr'>λαμβά-</span> <span class='ocrx_word' id='word_1_170' title='bbox 1638 1720 1716 1760; x_wconf 83' lang='lat'>186</span> 
     </span>
     <span class='ocr_line' id='line_1_22' title="bbox 110 1791 1620 1860; baseline 0 -16"><span class='ocrx_word' id='word_1_171' title='bbox 110 1816 214 1844; x_wconf 91' lang='grc' dir='ltr'>νειν.</span> <span class='ocrx_word' id='word_1_172' title='bbox 270 1799 417 1843; x_wconf 84' lang='grc' dir='ltr'>ταῦτα</span> <span class='ocrx_word' id='word_1_173' title='bbox 443 1792 491 1844; x_wconf 74' lang='grc' dir='ltr'>δὲ</span> <span class='ocrx_word' id='word_1_174' title='bbox 517 1794 592 1843; x_wconf 78' lang='grc' dir='ltr'>καὶ</span> <span class='ocrx_word' id='word_1_175' title='bbox 625 1793 798 1843; x_wconf 77' lang='grc' dir='ltr'>δυνατοί</span> <span class='ocrx_word' id='word_1_176' title='bbox 832 1795 975 1855; x_wconf 85' lang='grc' dir='ltr'>ἐστιν,</span> <span class='ocrx_word' id='word_1_177' title='bbox 1004 1791 1041 1843; x_wconf 70' lang='grc' dir='ltr'><em>ὦ</em></span> <span class='ocrx_word' id='word_1_178' title='bbox 1073 1794 1235 1860; x_wconf 75' lang='grc' dir='ltr'>ἄνδρες</span> <span class='ocrx_word' id='word_1_179' title='bbox 1263 1795 1518 1858; x_wconf 80' lang='grc' dir='ltr'>Ἀθηναῖοι,</span> <span class='ocrx_word' id='word_1_180' title='bbox 1545 1796 1620 1845; x_wconf 77' lang='grc' dir='ltr'>καὶ</span> 
     </span>
     <span class='ocr_line' id='line_1_23' title="bbox 107 1875 1621 1944; baseline 0 -16"><span class='ocrx_word' id='word_1_181' title='bbox 107 1876 328 1943; x_wconf 80' lang='grc' dir='ltr'>πράττειν</span> <span class='ocrx_word' id='word_1_182' title='bbox 362 1876 487 1927; x_wconf 80' lang='grc' dir='ltr'>καλὰ</span> <span class='ocrx_word' id='word_1_183' title='bbox 521 1879 595 1926; x_wconf 75' lang='grc' dir='ltr'>καὶ</span> <span class='ocrx_word' id='word_1_184' title='bbox 633 1877 939 1944; x_wconf 74' lang='grc' dir='ltr'>συμφέροντα</span> <span class='ocrx_word' id='word_1_185' title='bbox 978 1879 1051 1928; x_wconf 75' lang='grc' dir='ltr'>καὶ</span> <span class='ocrx_word' id='word_1_186' title='bbox 1087 1882 1286 1938; x_wconf 81' lang='grc' dir='ltr'>βασιλεῖ</span> <span class='ocrx_word' id='word_1_187' title='bbox 1316 1875 1455 1943; x_wconf 58' lang='grc' dir='ltr'>ἀπερὶ</span> <span class='ocrx_word' id='word_1_188' title='bbox 1492 1879 1621 1940; x_wconf 83' lang='grc' dir='ltr'>ὑμῶν</span> 
     </span>
     <span class='ocr_line' id='line_1_24' title="bbox 109 1959 1648 2029; baseline -0.001 -18"><span class='ocrx_word' id='word_1_189' title='bbox 109 1960 341 2025; x_wconf 85' lang='grc' dir='ltr'>ἐπιτήδεια</span> <span class='ocrx_word' id='word_1_190' title='bbox 384 1962 757 2026; x_wconf 82' lang='grc' dir='ltr'>ἀπαγγελθῆναι,</span> <span class='ocrx_word' id='word_1_191' title='bbox 803 1963 878 2011; x_wconf 73' lang='grc' dir='ltr'>καὶ</span> <span class='ocrx_word' id='word_1_192' title='bbox 925 1959 1077 2029; x_wconf 79' lang='grc' dir='ltr'>φόβος</span> <span class='ocrx_word' id='word_1_193' title='bbox 1122 1961 1203 2010; x_wconf 81' lang='grc' dir='ltr'>οὐκ</span> <span class='ocrx_word' id='word_1_194' title='bbox 1248 1961 1409 2025; x_wconf 84' lang='grc' dir='ltr'>ὀλίγος</span> <span class='ocrx_word' id='word_1_195' title='bbox 1453 1961 1648 2025; x_wconf 74' lang='grc' dir='ltr'>γε’νοιτ’5</span> 
     </span>
    </p>

    <p class='ocr_par' dir='ltr' id='par_1_12' title="bbox 43 2042 1620 2114">
     <span class='ocr_line' id='line_1_25' title="bbox 43 2042 1620 2114; baseline -0.003 -16"><span class='ocrx_word' id='word_1_196' title='bbox 43 2053 97 2098; x_wconf 84' lang='grc'>35</span> <span class='ocrx_word' id='word_1_197' title='bbox 111 2043 169 2096; x_wconf 75' lang='grc' dir='ltr'>ἂν</span> <span class='ocrx_word' id='word_1_198' title='bbox 193 2045 346 2114; x_wconf 73' lang='grc' dir='ltr'>ἐκείνῳ</span> <span class='ocrx_word' id='word_1_199' title='bbox 373 2043 448 2094; x_wconf 81' lang='grc' dir='ltr'>διὰ</span> <span class='ocrx_word' id='word_1_200' title='bbox 473 2044 689 2094; x_wconf 73' lang='grc' dir='ltr'>Ετούτων.</span> <span class='ocrx_word' id='word_1_201' title='bbox 743 2042 834 2095; x_wconf 75' lang='grc' dir='ltr'>οἶδε</span> <span class='ocrx_word' id='word_1_202' title='bbox 869 2044 954 2108; x_wconf 74' lang='grc' dir='ltr'>μέν</span> <span class='ocrx_word' id='word_1_203' title='bbox 979 2066 1034 2109; x_wconf 89' lang='grc' dir='ltr'>γε</span> <span class='ocrx_word' id='word_1_204' title='bbox 1060 2042 1337 2098; x_wconf 51' lang='grc' dir='ltr'>Ῐ’διακοσίαις</span> <span class='ocrx_word' id='word_1_205' title='bbox 1367 2043 1620 2110; x_wconf 85' lang='grc' dir='ltr'>τριήρεσιν,</span> 
     </span>
    </p>
   </div>
   <div class='ocr_carea' id='block_1_8' title="bbox 161 2215 1619 2263">
    <p class='ocr_par' dir='ltr' id='par_1_13' title="bbox 161 2215 1619 2263">
     <span class='ocr_line' id='line_1_26' title="bbox 161 2215 1619 2263; baseline -0.001 -11"><span class='ocrx_word' id='word_1_206' title='bbox 161 2224 183 2252; x_wconf 77' lang='lat' dir='ltr'>g</span> <span class='ocrx_word' id='word_1_207' title='bbox 202 2218 266 2263; x_wconf 80' lang='grc' dir='ltr'>οὐχ</span> <span class='ocrx_word' id='word_1_208' title='bbox 287 2219 368 2252; x_wconf 79' lang='grc' dir='ltr'>ἑκὼν</span> <span class='ocrx_word' id='word_1_209' title='bbox 382 2215 423 2252; x_wconf 76' lang='grc' dir='ltr'>ἄν</span> <span class='ocrx_word' id='word_1_210' title='bbox 440 2218 615 2259; x_wconf 81' lang='lat' dir='ltr'>Reiskius,</span> <span class='ocrx_word' id='word_1_211' title='bbox 631 2219 708 2263; x_wconf 79' lang='grc' dir='ltr'>οὐχὶ</span> <span class='ocrx_word' id='word_1_212' title='bbox 723 2217 783 2253; x_wconf 80' lang='grc' dir='ltr'>κᾶν</span> <span class='ocrx_word' id='word_1_213' title='bbox 800 2219 834 2252; x_wconf 87' lang='lat' dir='ltr'>S.</span> <span class='ocrx_word' id='word_1_214' title='bbox 863 2219 927 2262; x_wconf 75' lang='grc' dir='ltr'>οὐχ</span> <span class='ocrx_word' id='word_1_215' title='bbox 943 2218 1053 2252; x_wconf 82' lang='grc' dir='ltr'>ἱκανὸν</span> <span class='ocrx_word' id='word_1_216' title='bbox 1070 2217 1238 2252; x_wconf 82' lang='lat' dir='ltr'><strong>F.Y.O.v.</strong></span> <span class='ocrx_word' id='word_1_217' title='bbox 1267 2217 1327 2251; x_wconf 79' lang='grc' dir='ltr'>οὐκ</span> <span class='ocrx_word' id='word_1_218' title='bbox 1346 2215 1387 2250; x_wconf 79' lang='grc' dir='ltr'>ἂν</span> <span class='ocrx_word' id='word_1_219' title='bbox 1401 2218 1442 2252; x_wconf 84' lang='lat' dir='ltr'><strong>A.</strong></span> <span class='ocrx_word' id='word_1_220' title='bbox 1460 2223 1495 2251; x_wconf 85' lang='lat' dir='ltr'>et</span> <span class='ocrx_word' id='word_1_221' title='bbox 1508 2231 1563 2263; x_wconf 89' lang='grc' dir='ltr'>γρ.</span> <span class='ocrx_word' id='word_1_222' title='bbox 1577 2217 1619 2251; x_wconf 90' lang='lat' dir='ltr'>Y.</span> 
     </span>
    </p>
   </div>
   <div class='ocr_carea' id='block_1_9' title="bbox 107 2281 1622 2988">
    <p class='ocr_par' dir='ltr' id='par_1_14' title="bbox 107 2281 1622 2988">
     <span class='ocr_line' id='line_1_27' title="bbox 108 2281 1621 2334; baseline -0.002 -13"><span class='ocrx_word' id='word_1_223' title='bbox 108 2285 129 2312; x_wconf 77' lang='lat' dir='ltr'><strong>h</strong></span> <span class='ocrx_word' id='word_1_224' title='bbox 149 2287 350 2334; x_wconf 79' lang='grc' dir='ltr'>εἰσενέγκοι]</span> <span class='ocrx_word' id='word_1_225' title='bbox 375 2281 560 2333; x_wconf 55' lang='grc' dir='ltr'>εἷσενέγκῧιι</span> <span class='ocrx_word' id='word_1_226' title='bbox 580 2286 623 2320; x_wconf 92' lang='lat' dir='ltr'>Y.</span> <span class='ocrx_word' id='word_1_227' title='bbox 657 2286 842 2332; x_wconf 81' lang='grc' dir='ltr'>εἷσενέγκαι</span> <span class='ocrx_word' id='word_1_228' title='bbox 864 2286 984 2322; x_wconf 81' lang='lat' dir='ltr'><strong>F.S.V.</strong></span> <span class='ocrx_word' id='word_1_229' title='bbox 1114 2282 1124 2310; x_wconf 71' lang='lat' dir='ltr'>i</span> <span class='ocrx_word' id='word_1_230' title='bbox 1145 2284 1213 2319; x_wconf 81' lang='grc' dir='ltr'>ὅντ’</span> <span class='ocrx_word' id='word_1_231' title='bbox 1236 2286 1271 2320; x_wconf 87' lang='lat' dir='ltr'><strong>S.</strong></span> <span class='ocrx_word' id='word_1_232' title='bbox 1319 2285 1520 2331; x_wconf 84' lang='lat' dir='ltr'>Legebatur</span> <span class='ocrx_word' id='word_1_233' title='bbox 1540 2283 1621 2318; x_wconf 78' lang='grc' dir='ltr'>ὄντα</span> 
     </span>
     <span class='ocr_line' id='line_1_28' title="bbox 108 2336 1615 2387; baseline -0.003 -12"><span class='ocrx_word' id='word_1_234' title='bbox 108 2340 217 2376; x_wconf 87' lang='grc' dir='ltr'>πάντ’.</span> <span class='ocrx_word' id='word_1_235' title='bbox 313 2337 334 2365; x_wconf 82' lang='lat' dir='ltr'>k</span> <span class='ocrx_word' id='word_1_236' title='bbox 354 2340 475 2387; x_wconf 83' lang='grc' dir='ltr'>αὑτοῦ]</span> <span class='ocrx_word' id='word_1_237' title='bbox 500 2343 603 2374; x_wconf 89' lang='grc' dir='ltr'>αυτοῦ</span> <span class='ocrx_word' id='word_1_238' title='bbox 628 2339 719 2385; x_wconf 83' lang='lat' dir='ltr'>(sine</span> <span class='ocrx_word' id='word_1_239' title='bbox 740 2340 881 2385; x_wconf 82' lang='lat' dir='ltr'>spiritu)</span> <span class='ocrx_word' id='word_1_240' title='bbox 905 2340 987 2373; x_wconf 67' lang='lat' dir='ltr'>As,</span> <span class='ocrx_word' id='word_1_241' title='bbox 1017 2340 1137 2373; x_wconf 84' lang='grc' dir='ltr'>ἑαυτοῦ</span> <span class='ocrx_word' id='word_1_242' title='bbox 1156 2339 1273 2384; x_wconf 87' lang='lat' dir='ltr'><strong>vulgo.</strong></span> <span class='ocrx_word' id='word_1_243' title='bbox 1366 2336 1376 2363; x_wconf 84' lang='lat' dir='ltr'>l</span> <span class='ocrx_word' id='word_1_244' title='bbox 1396 2338 1615 2384; x_wconf 79' lang='grc' dir='ltr'>εἰσενεγκεῖν]</span> 
     </span>
     <span class='ocr_line' id='line_1_29' title="bbox 108 2389 1619 2441; baseline -0.001 -14"><span class='ocrx_word' id='word_1_245' title='bbox 108 2395 377 2441; x_wconf 84' lang='grc' dir='ltr'>προεισενεγκεῖν</span> <span class='ocrx_word' id='word_1_246' title='bbox 397 2394 436 2429; x_wconf 88' lang='lat' dir='ltr'>F.</span> <span class='ocrx_word' id='word_1_247' title='bbox 468 2395 708 2439; x_wconf 80' lang='grc' dir='ltr'>προσενεγκεῖν</span> <span class='ocrx_word' id='word_1_248' title='bbox 726 2405 760 2428; x_wconf 83' lang='lat' dir='ltr'><strong>v.</strong></span> <span class='ocrx_word' id='word_1_249' title='bbox 926 2398 957 2417; x_wconf 78' lang='lat'>¹1²</span> <span class='ocrx_word' id='word_1_250' title='bbox 987 2392 1073 2438; x_wconf 88' lang='grc' dir='ltr'>νυνὶ]</span> <span class='ocrx_word' id='word_1_251' title='bbox 1105 2389 1145 2426; x_wconf 75' lang='grc' dir='ltr'>ἂν</span> <span class='ocrx_word' id='word_1_252' title='bbox 1174 2393 1245 2426; x_wconf 84' lang='grc' dir='ltr'>νυνὶ</span> <span class='ocrx_word' id='word_1_253' title='bbox 1269 2392 1393 2427; x_wconf 86' lang='lat' dir='ltr'><strong>B.F.V.</strong></span> <span class='ocrx_word' id='word_1_254' title='bbox 1432 2390 1473 2425; x_wconf 79' lang='grc' dir='ltr'>ἂν</span> <span class='ocrx_word' id='word_1_255' title='bbox 1497 2394 1556 2425; x_wconf 83' lang='grc' dir='ltr'>νῦν</span> <span class='ocrx_word' id='word_1_256' title='bbox 1584 2392 1619 2425; x_wconf 88' lang='lat' dir='ltr'>S.</span> 
     </span>
     <span class='ocr_line' id='line_1_30' title="bbox 112 2443 1620 2493; baseline -0.001 -12"><span class='ocrx_word' id='word_1_257' title='bbox 112 2453 130 2471; x_wconf 66' lang='grc' dir='ltr'>ὓ</span> <span class='ocrx_word' id='word_1_258' title='bbox 148 2447 338 2493; x_wconf 87' lang='grc' dir='ltr'>πορίσαιτ’]</span> <span class='ocrx_word' id='word_1_259' title='bbox 362 2446 561 2493; x_wconf 81' lang='grc' dir='ltr'>πορίσαισθ’</span> <span class='ocrx_word' id='word_1_260' title='bbox 583 2446 798 2480; x_wconf 76' lang='lat' dir='ltr'><strong>B.F.Y.O.V.</strong></span> <span class='ocrx_word' id='word_1_261' title='bbox 902 2451 920 2471; x_wconf 93' lang='lat'>0</span> <span class='ocrx_word' id='word_1_262' title='bbox 941 2444 981 2479; x_wconf 82' lang='grc' dir='ltr'>ἂν</span> <span class='ocrx_word' id='word_1_263' title='bbox 999 2458 1070 2480; x_wconf 90' lang='lat' dir='ltr'><strong>om.</strong></span> <span class='ocrx_word' id='word_1_264' title='bbox 1090 2446 1132 2480; x_wconf 88' lang='lat' dir='ltr'><strong>B.</strong></span> <span class='ocrx_word' id='word_1_265' title='bbox 1246 2450 1261 2473; x_wconf 75' lang='lat' dir='ltr'>P</span> <span class='ocrx_word' id='word_1_266' title='bbox 1283 2445 1328 2491; x_wconf 88' lang='grc' dir='ltr'>εἶ]</span> <span class='ocrx_word' id='word_1_267' title='bbox 1354 2443 1371 2488; x_wconf 82' lang='grc' dir='ltr'><em>ἢ</em></span> <span class='ocrx_word' id='word_1_268' title='bbox 1394 2446 1430 2480; x_wconf 82' lang='lat' dir='ltr'><strong>S.</strong></span> <span class='ocrx_word' id='word_1_269' title='bbox 1452 2450 1487 2478; x_wconf 84' lang='lat' dir='ltr'>et</span> <span class='ocrx_word' id='word_1_270' title='bbox 1505 2459 1562 2489; x_wconf 88' lang='grc' dir='ltr'>γρ.</span> <span class='ocrx_word' id='word_1_271' title='bbox 1580 2445 1620 2479; x_wconf 82' lang='lat' dir='ltr'><strong>F.</strong></span> 
     </span>
     <span class='ocr_line' id='line_1_31' title="bbox 108 2497 1620 2546; baseline -0.002 -12"><span class='ocrx_word' id='word_1_272' title='bbox 108 2499 127 2544; x_wconf 87' lang='grc' dir='ltr'>ἢ</span> <span class='ocrx_word' id='word_1_273' title='bbox 148 2513 226 2535; x_wconf 88' lang='lat' dir='ltr'>cum</span> <span class='ocrx_word' id='word_1_274' title='bbox 245 2515 299 2546; x_wconf 90' lang='grc' dir='ltr'>γρ.</span> <span class='ocrx_word' id='word_1_275' title='bbox 321 2501 350 2535; x_wconf 86' lang='grc' dir='ltr'>εἷ</span> <span class='ocrx_word' id='word_1_276' title='bbox 369 2501 410 2536; x_wconf 88' lang='grc' dir='ltr'>Β.</span> <span class='ocrx_word' id='word_1_277' title='bbox 513 2508 531 2536; x_wconf 76' lang='lat' dir='ltr'>q</span> <span class='ocrx_word' id='word_1_278' title='bbox 552 2498 695 2545; x_wconf 83' lang='grc' dir='ltr'>πλείων]</span> <span class='ocrx_word' id='word_1_279' title='bbox 721 2499 827 2533; x_wconf 86' lang='grc' dir='ltr'>πλείω</span> <span class='ocrx_word' id='word_1_280' title='bbox 849 2500 883 2533; x_wconf 86' lang='lat' dir='ltr'><strong>S.</strong></span> <span class='ocrx_word' id='word_1_281' title='bbox 988 2505 1003 2524; x_wconf 76' lang='grc' dir='ltr'><strong>Γ</strong></span> <span class='ocrx_word' id='word_1_282' title='bbox 1022 2498 1223 2544; x_wconf 85' lang='grc' dir='ltr'>ἑκατοστήν]</span> <span class='ocrx_word' id='word_1_283' title='bbox 1248 2499 1308 2543; x_wconf 89' lang='grc' dir='ltr'>τὴν</span> <span class='ocrx_word' id='word_1_284' title='bbox 1328 2497 1514 2541; x_wconf 86' lang='grc' dir='ltr'>ἑκατοστήν</span> <span class='ocrx_word' id='word_1_285' title='bbox 1535 2498 1620 2531; x_wconf 90' lang='lat' dir='ltr'><strong>F.Y.</strong></span> 
     </span>
     <span class='ocr_line' id='line_1_32' title="bbox 109 2551 1620 2598; baseline -0.002 -10"><span class='ocrx_word' id='word_1_286' title='bbox 109 2554 188 2589; x_wconf 89' lang='lat' dir='ltr'><strong>O.v.</strong></span> <span class='ocrx_word' id='word_1_287' title='bbox 211 2561 245 2589; x_wconf 88' lang='lat' dir='ltr'>et</span> <span class='ocrx_word' id='word_1_288' title='bbox 265 2567 285 2588; x_wconf 85' lang='lat' dir='ltr'>a</span> <span class='ocrx_word' id='word_1_289' title='bbox 303 2567 350 2588; x_wconf 89' lang='lat' dir='ltr'><strong>m.</strong></span> <span class='ocrx_word' id='word_1_290' title='bbox 371 2567 438 2588; x_wconf 83' lang='lat' dir='ltr'><strong>sec.</strong></span> <span class='ocrx_word' id='word_1_291' title='bbox 462 2554 496 2588; x_wconf 88' lang='lat' dir='ltr'>S.</span> <span class='ocrx_word' id='word_1_292' title='bbox 585 2559 599 2578; x_wconf 82' lang='lat' dir='ltr'>S</span> <span class='ocrx_word' id='word_1_293' title='bbox 620 2556 678 2587; x_wconf 85' lang='grc' dir='ltr'>νῦν</span> <span class='ocrx_word' id='word_1_294' title='bbox 697 2565 766 2586; x_wconf 88' lang='lat' dir='ltr'><strong>om.</strong></span> <span class='ocrx_word' id='word_1_295' title='bbox 788 2554 829 2587; x_wconf 84' lang='lat' dir='ltr'><strong>A.</strong></span> <span class='ocrx_word' id='word_1_296' title='bbox 922 2551 936 2577; x_wconf 71' lang='lat' dir='ltr'><strong>t</strong></span> <span class='ocrx_word' id='word_1_297' title='bbox 956 2552 1122 2598; x_wconf 80' lang='grc' dir='ltr'>τάλαντα]</span> <span class='ocrx_word' id='word_1_298' title='bbox 1145 2553 1294 2586; x_wconf 83' lang='grc' dir='ltr'>τάλαντα</span> <span class='ocrx_word' id='word_1_299' title='bbox 1314 2551 1381 2597; x_wconf 83' lang='grc' dir='ltr'>ἐρεῖ</span> <span class='ocrx_word' id='word_1_300' title='bbox 1400 2551 1620 2587; x_wconf 85' lang='lat' dir='ltr'><strong>A.F.Y.O.v.</strong></span> 
     </span>
     <span class='ocr_line' id='line_1_33' title="bbox 107 2604 1621 2653; baseline -0.003 -11"><span class='ocrx_word' id='word_1_301' title='bbox 107 2612 129 2632; x_wconf 82' lang='lat'>¹1</span> <span class='ocrx_word' id='word_1_302' title='bbox 149 2607 218 2641; x_wconf 81' lang='grc' dir='ltr'>οὔτ’</span> <span class='ocrx_word' id='word_1_303' title='bbox 237 2605 403 2642; x_wconf 67' lang='grc' dir='ltr'>εἴν-οὔτ’</span> <span class='ocrx_word' id='word_1_304' title='bbox 424 2606 480 2653; x_wconf 83' lang='grc' dir='ltr'>ἂν]</span> <span class='ocrx_word' id='word_1_305' title='bbox 505 2605 700 2641; x_wconf 75' lang='grc' dir='ltr'>οὔτ’-οὔτ’</span> <span class='ocrx_word' id='word_1_306' title='bbox 723 2607 758 2640; x_wconf 86' lang='lat' dir='ltr'><strong>S.</strong></span> <span class='ocrx_word' id='word_1_307' title='bbox 780 2612 814 2639; x_wconf 81' lang='lat' dir='ltr'>et</span> <span class='ocrx_word' id='word_1_308' title='bbox 834 2612 1009 2640; x_wconf 84' lang='lat' dir='ltr'>correctus</span> <span class='ocrx_word' id='word_1_309' title='bbox 1030 2606 1072 2640; x_wconf 82' lang='lat' dir='ltr'><strong>Y.</strong></span> <span class='ocrx_word' id='word_1_310' title='bbox 1200 2611 1229 2628; x_wconf 78' lang='lat' dir='ltr'>W</span> <span class='ocrx_word' id='word_1_311' title='bbox 1249 2604 1317 2638; x_wconf 75' lang='grc' dir='ltr'>οὔτ’</span> <span class='ocrx_word' id='word_1_312' title='bbox 1336 2606 1377 2638; x_wconf 88' lang='grc' dir='ltr'>Α,</span> <span class='ocrx_word' id='word_1_313' title='bbox 1420 2604 1621 2649; x_wconf 81' lang='lat' dir='ltr'><strong>Legebatur</strong></span> 
     </span>
     <span class='ocr_line' id='line_1_34' title="bbox 107 2657 1619 2705; baseline -0.001 -11"><span class='ocrx_word' id='word_1_314' title='bbox 107 2660 177 2695; x_wconf 78' lang='grc' dir='ltr'>οὔτ’</span> <span class='ocrx_word' id='word_1_315' title='bbox 196 2660 248 2696; x_wconf 81' lang='grc' dir='ltr'>ἅν.</span> <span class='ocrx_word' id='word_1_316' title='bbox 414 2666 433 2685; x_wconf 75' lang='grc' dir='ltr'>Χ</span> <span class='ocrx_word' id='word_1_317' title='bbox 463 2658 652 2705; x_wconf 78' lang='grc' dir='ltr'>καταθεῖτε]</span> <span class='ocrx_word' id='word_1_318' title='bbox 683 2659 855 2693; x_wconf 88' lang='grc' dir='ltr'>κατάθειτε</span> <span class='ocrx_word' id='word_1_319' title='bbox 881 2659 927 2695; x_wconf 91' lang='grc' dir='ltr'>Ο.</span> <span class='ocrx_word' id='word_1_320' title='bbox 955 2665 989 2693; x_wconf 87' lang='lat' dir='ltr'>et</span> <span class='ocrx_word' id='word_1_321' title='bbox 1018 2664 1194 2692; x_wconf 83' lang='lat' dir='ltr'><strong>correctus</strong></span> <span class='ocrx_word' id='word_1_322' title='bbox 1214 2658 1256 2691; x_wconf 88' lang='lat' dir='ltr'><strong>Y.</strong></span> <span class='ocrx_word' id='word_1_323' title='bbox 1300 2658 1476 2691; x_wconf 88' lang='grc' dir='ltr'>κατάθοιτε</span> <span class='ocrx_word' id='word_1_324' title='bbox 1504 2657 1619 2692; x_wconf 84' lang='lat' dir='ltr'><strong>F.S.V.</strong></span> 
     </span>
     <span class='ocr_line' id='line_1_35' title="bbox 107 2712 1622 2776; baseline -0.001 -13"><span class='ocrx_word' id='word_1_325' title='bbox 107 2736 126 2763; x_wconf 71' lang='lat' dir='ltr'>y</span> <span class='ocrx_word' id='word_1_326' title='bbox 145 2729 245 2776; x_wconf 76' lang='grc' dir='ltr'>ὑμᾶς]</span> <span class='ocrx_word' id='word_1_327' title='bbox 270 2712 354 2774; x_wconf 40' lang='lat' dir='ltr'>&amp;piis-</span> <span class='ocrx_word' id='word_1_328' title='bbox 374 2731 413 2765; x_wconf 89' lang='lat' dir='ltr'><strong>F.</strong></span> <span class='ocrx_word' id='word_1_329' title='bbox 443 2730 527 2774; x_wconf 82' lang='grc' dir='ltr'>ἡμᾶς</span> <span class='ocrx_word' id='word_1_330' title='bbox 547 2742 579 2763; x_wconf 89' lang='lat' dir='ltr'><strong>V.</strong></span> <span class='ocrx_word' id='word_1_331' title='bbox 680 2734 697 2753; x_wconf 80' lang='grc' dir='ltr'><strong><em>Ζ</em></strong></span> <span class='ocrx_word' id='word_1_332' title='bbox 717 2729 759 2762; x_wconf 87' lang='grc' dir='ltr'>τὰ</span> <span class='ocrx_word' id='word_1_333' title='bbox 778 2729 839 2772; x_wconf 80' lang='grc' dir='ltr'>μὲν</span> <span class='ocrx_word' id='word_1_334' title='bbox 858 2728 950 2761; x_wconf 80' lang='grc' dir='ltr'>ἅλλα</span> <span class='ocrx_word' id='word_1_335' title='bbox 972 2728 1006 2762; x_wconf 86' lang='lat' dir='ltr'><strong>S.</strong></span> <span class='ocrx_word' id='word_1_336' title='bbox 1037 2728 1150 2761; x_wconf 70' lang='grc' dir='ltr'>τῖίλλα</span> <span class='ocrx_word' id='word_1_337' title='bbox 1169 2728 1286 2773; x_wconf 84' lang='lat' dir='ltr'><strong>vulgo.</strong></span> <span class='ocrx_word' id='word_1_338' title='bbox 1386 2732 1405 2751; x_wconf 72' lang='lat' dir='ltr'>a</span> <span class='ocrx_word' id='word_1_339' title='bbox 1424 2727 1501 2760; x_wconf 80' lang='grc' dir='ltr'>ποθ’</span> <span class='ocrx_word' id='word_1_340' title='bbox 1523 2725 1622 2761; x_wconf 77' lang='grc' dir='ltr'>οὗτος</span> 
     </span>
     <span class='ocr_line' id='line_1_36' title="bbox 107 2778 1615 2830; baseline -0.002 -14"><span class='ocrx_word' id='word_1_341' title='bbox 107 2785 125 2816; x_wconf 87' lang='grc' dir='ltr'>ὁ</span> <span class='ocrx_word' id='word_1_342' title='bbox 145 2784 225 2818; x_wconf 87' lang='lat' dir='ltr'><strong>A.S.</strong></span> <span class='ocrx_word' id='word_1_343' title='bbox 268 2784 467 2830; x_wconf 84' lang='lat' dir='ltr'>Legebatur</span> <span class='ocrx_word' id='word_1_344' title='bbox 486 2782 562 2817; x_wconf 85' lang='grc' dir='ltr'>ποθ’</span> <span class='ocrx_word' id='word_1_345' title='bbox 584 2784 614 2816; x_wconf 90' lang='grc' dir='ltr'>ὁ.</span> <span class='ocrx_word' id='word_1_346' title='bbox 741 2778 760 2806; x_wconf 82' lang='lat' dir='ltr'>b</span> <span class='ocrx_word' id='word_1_347' title='bbox 780 2780 909 2826; x_wconf 85' lang='grc' dir='ltr'>καιρὸς]</span> <span class='ocrx_word' id='word_1_348' title='bbox 935 2782 1047 2826; x_wconf 80' lang='grc' dir='ltr'>καιρὸς</span> <span class='ocrx_word' id='word_1_349' title='bbox 1066 2780 1165 2816; x_wconf 79' lang='grc' dir='ltr'>οὗτος</span> <span class='ocrx_word' id='word_1_350' title='bbox 1186 2780 1353 2815; x_wconf 86' lang='lat' dir='ltr'><strong>F.Y.O.v.</strong></span> <span class='ocrx_word' id='word_1_351' title='bbox 1477 2785 1493 2804; x_wconf 82' lang='lat'>⁰</span> <span class='ocrx_word' id='word_1_352' title='bbox 1511 2779 1615 2825; x_wconf 75' lang='grc' dir='ltr'>ἔλθῃ]</span> 
     </span>
     <span class='ocr_line' id='line_1_37' title="bbox 107 2832 1618 2883; baseline -0.002 -14"><span class='ocrx_word' id='word_1_353' title='bbox 107 2837 204 2871; x_wconf 77' lang='grc' dir='ltr'>ἔλθοι</span> <span class='ocrx_word' id='word_1_354' title='bbox 225 2849 258 2871; x_wconf 85' lang='lat' dir='ltr'><strong>v.</strong></span> <span class='ocrx_word' id='word_1_355' title='bbox 345 2834 364 2861; x_wconf 81' lang='lat' dir='ltr'>d</span> <span class='ocrx_word' id='word_1_356' title='bbox 383 2837 476 2883; x_wconf 83' lang='grc' dir='ltr'>περὶ]</span> <span class='ocrx_word' id='word_1_357' title='bbox 501 2835 579 2882; x_wconf 82' lang='grc' dir='ltr'>παρ’</span> <span class='ocrx_word' id='word_1_358' title='bbox 603 2836 637 2869; x_wconf 85' lang='lat' dir='ltr'><strong>S.</strong></span> <span class='ocrx_word' id='word_1_359' title='bbox 659 2835 770 2868; x_wconf 83' lang='lat' dir='ltr'><strong>male:</strong></span> <span class='ocrx_word' id='word_1_360' title='bbox 802 2834 894 2868; x_wconf 87' lang='lat' dir='ltr'><strong>conf.</strong></span> <span class='ocrx_word' id='word_1_361' title='bbox 916 2846 952 2879; x_wconf 86' lang='lat' dir='ltr'><strong>p.</strong></span> <span class='ocrx_word' id='word_1_362' title='bbox 972 2834 1056 2874; x_wconf 80' lang='lat'>188,</span> <span class='ocrx_word' id='word_1_363' title='bbox 1074 2844 1134 2880; x_wconf 80' lang='lat'><strong>29.</strong></span> <span class='ocrx_word' id='word_1_364' title='bbox 1247 2839 1263 2858; x_wconf 72' lang='lat' dir='ltr'>e</span> <span class='ocrx_word' id='word_1_365' title='bbox 1283 2832 1429 2879; x_wconf 81' lang='grc' dir='ltr'>τούτων]</span> <span class='ocrx_word' id='word_1_366' title='bbox 1453 2834 1556 2866; x_wconf 86' lang='grc' dir='ltr'>τοῦτο</span> <span class='ocrx_word' id='word_1_367' title='bbox 1575 2834 1618 2867; x_wconf 94' lang='lat' dir='ltr'><strong>A.</strong></span> 
     </span>
     <span class='ocr_line' id='line_1_38' title="bbox 108 2886 1620 2936; baseline -0.002 -13"><span class='ocrx_word' id='word_1_368' title='bbox 108 2886 123 2913; x_wconf 81' lang='lat' dir='ltr'>f</span> <span class='ocrx_word' id='word_1_369' title='bbox 144 2889 330 2926; x_wconf 79' lang='grc' dir='ltr'>διακοσίαις</span> <span class='ocrx_word' id='word_1_370' title='bbox 355 2891 389 2925; x_wconf 86' lang='lat' dir='ltr'><strong>S.</strong></span> <span class='ocrx_word' id='word_1_371' title='bbox 438 2890 637 2936; x_wconf 77' lang='lat' dir='ltr'><strong>Legebatm·</strong></span> <span class='ocrx_word' id='word_1_372' title='bbox 656 2888 876 2934; x_wconf 85' lang='grc' dir='ltr'>τριακοσίαις,</span> <span class='ocrx_word' id='word_1_373' title='bbox 898 2888 993 2933; x_wconf 87' lang='lat' dir='ltr'><strong>quod</strong></span> <span class='ocrx_word' id='word_1_374' title='bbox 1012 2887 1140 2921; x_wconf 85' lang='lat' dir='ltr'>servari</span> <span class='ocrx_word' id='word_1_375' title='bbox 1160 2893 1287 2932; x_wconf 84' lang='lat' dir='ltr'><strong>potest,</strong></span> <span class='ocrx_word' id='word_1_376' title='bbox 1309 2887 1337 2921; x_wconf 87' lang='lat' dir='ltr'>Si</span> <span class='ocrx_word' id='word_1_377' title='bbox 1356 2887 1475 2921; x_wconf 85' lang='grc' dir='ltr'>ἑκατὸν</span> <span class='ocrx_word' id='word_1_378' title='bbox 1493 2886 1531 2921; x_wconf 84' lang='lat' dir='ltr'>in</span> <span class='ocrx_word' id='word_1_379' title='bbox 1549 2886 1620 2920; x_wconf 83' lang='grc' dir='ltr'>δια-</span> 
     </span>
     <span class='ocr_line' id='line_1_39' title="bbox 108 2941 1125 2988; baseline -0.002 -12"><span class='ocrx_word' id='word_1_380' title='bbox 108 2943 224 2979; x_wconf 81' lang='grc' dir='ltr'>κοσίας</span> <span class='ocrx_word' id='word_1_381' title='bbox 244 2950 420 2978; x_wconf 85' lang='lat' dir='ltr'><strong>mutetur:</strong></span> <span class='ocrx_word' id='word_1_382' title='bbox 452 2944 494 2977; x_wconf 84' lang='lat' dir='ltr'>(le</span> <span class='ocrx_word' id='word_1_383' title='bbox 514 2954 584 2988; x_wconf 90' lang='lat' dir='ltr'>quo</span> <span class='ocrx_word' id='word_1_384' title='bbox 604 2954 635 2976; x_wconf 90' lang='lat' dir='ltr'><strong>v.</strong></span> <span class='ocrx_word' id='word_1_385' title='bbox 657 2954 734 2987; x_wconf 83' lang='lat' dir='ltr'>quae</span> <span class='ocrx_word' id='word_1_386' title='bbox 755 2941 791 2975; x_wconf 89' lang='lat' dir='ltr'>in</span> <span class='ocrx_word' id='word_1_387' title='bbox 811 2946 931 2975; x_wconf 81' lang='lat' dir='ltr'><strong>annot.</strong></span> <span class='ocrx_word' id='word_1_388' title='bbox 955 2941 1125 2975; x_wconf 78' lang='lat' dir='ltr'><strong>(licentur.</strong></span> 
     </span>
    </p>
   </div>
  </div>
 </body>
</html>
