1882 3250
1 213 178 265 -p.106‚
200 228 228 251 ⁵.
454 214 580 250 ΠΕΡΙ
610 212 726 249 ΤΩΝ
758 212 832 249 ΕΝ
862 211 1229 249 ΧΕΡΡΟΝΗΣΩΙ.
1515 208 1598 248 113

0 820 5 965 ι

24 3006 30 3250 ἱ

89 324 268 373 τίδαιαν
304 322 574 390 ἐξηπάτησε
613 324 687 371 καὶ
725 321 897 372 ἓπόλλ’
925 320 1072 387 ἕτερα·
1114 318 1354 382 Θηβαίους
1394 317 1481 368 ΙἸτόι
1519 325 1600 369 νῦν

93 406 258 471 ὑπάγει
302 405 387 469 τὴν
432 406 661 456 Βοιωτίαν
704 405 858 457 αὐτοῖς
901 403 1138 469 παραδοὺς
1188 405 1263 452 καὶ
1313 401 1601 469 ἀπαλλάξας

89 489 300 552 πολέμου
338 494 524 539 πολλοῦ
562 489 638 537 καὶ
672 493 896 554 χαλεποῦ·
937 484 1060 536 ὥστε
1105 483 1471 550 καρπωσάμενοί
1497 507 1600 534 τινα

89 571 308 623 Ῑὲκαστοι
351 571 529 622 τούτων
569 570 848 638 πλεονεξίαν
892 573 933 620 οἱ
978 569 1062 632 μὲν
1100 569 1187 632 ἤδη
1231 567 1526 618 πεπόνθασιν
1572 565 1654 617 ἂιο

91 655 147 720 δὴ
185 655 354 709 πάντες
395 655 579 717 ἰ’σασιν,
622 659 664 705 οἱ
699 656 737 705 δ’
774 653 837 704 ¹⁵3
873 677 917 704 τι
954 654 1011 704 ἄν
1046 675 1158 704 ποτε
1198 655 1364 718 συμβῇ
1402 653 1597 702 πείσον-

25 755 78 807 65
93 762 181 791 ται.
239 740 364 802 ὑμεῖς
415 737 463 788 δὲ
512 736 577 788 ῶν
627 737 711 801 μὲν
762 737 1102 803 ἀπεστέρησθε,
1152 739 1334 785 σιωπῶ·
1391 735 1502 784 ἀλλ’
1555 736 1603 784 ἐν

93 823 218 890 αὐτῷ
251 826 318 890 τῷ
351 820 436 885 τὴν
462 821 644 886 εἰρήνην
669 820 978 884 ποιήσασθαι,
1003 818 1136 870 πόσα
1167 815 1482 886 ἐξηπάτησθε,
1509 816 1597 867 πό-

253 907 264 921 )
412 905 425 922 t
662 906 671 920 ³
710 907 724 923 x
893 904 906 920 t
1047 905 1056 919 ³
1170 901 1181 918 Ι
1365 902 1374 916 ³
1413 903 1427 920 x
1471 900 1482 927 1
1534 903 1544 917 ³
1587 903 1600 919 x

91 929 194 956 σων
237 909 579 971 απεστερησθε.
624 928 726 971 ουχι
766 909 969 965 Φωκεας,
1009 927 1061 954 ου
1105 907 1285 964 Πυλας,
1327 924 1428 968 ουχι
1489 924 1654 955 ταπιι5

93 989 299 1057 Θρᾴκης,
327 989 580 1054 Δορίσκον,
608 987 876 1054 ΜΣέρρειον,
903 986 983 1038 τὸν
1013 985 1391 1052 Κερσοβλέπτην
1429 983 1603 1045 αὐτόν;

25 1090 78 1129 66
92 1074 144 1122 οὐ
172 1079 253 1123 νῦν
288 1071 374 1136 τὴν
407 1071 550 1123 πόλιν
584 1071 697 1136 Πτὴν
727 1076 1005 1138 Καρδιανῶν
1031 1071 1124 1138 ἔχει
1159 1072 1233 1120 καὶ
1267 1070 1518 1132 ὁμολογεῖς
1561 1070 1610 1119 τί

90 1157 192 1207 ποτ’
223 1157 304 1207 οὖν
329 1157 507 1208 ἐκείνως
532 1161 628 1208 τοῖς
654 1155 822 1208 ἄλλοις
848 1157 922 1205 καὶ
950 1155 1003 1204 οὐ
1029 1154 1111 1204 τὸν
1131 1154 1272 1203 αὐτὸν
1299 1151 1474 1218 τρόπον
1501 1153 1606 1214 ὑμῖν

90 1240 411 1309 προσφέρεται
435 1261 446 1301 ;
491 1239 561 1290 ὅτι
581 1241 635 1289 ἐν’
648 1238 768 1306 μόνῃ
786 1244 879 1289 τῶν
898 1243 1069 1290 πασῶν
1091 1236 1278 1288 πόλεων
1297 1241 1355 1303 τῇ
1382 1237 1606 1304 Οὴμετέρᾳ

91 1325 220 1374 ἄδεια
253 1323 368 1389 ὑπὲρ
406 1328 500 1373 τῶν
525 1325 705 1389 ἐχθρῶν
732 1323 884 1388 λέγειν
909 1321 1102 1378 δέδοται,
1133 1323 1206 1370 καὶ
1233 1319 1448 1381 λαβόντα
1482 1320 1598 1386 χρή-
1619 1346 1659 1366 20

92 1411 194 1470 ματ’
221 1405 390 1457 Ραύτὸν
416 1407 636 1474 ἀσφαλές
674 1408 775 1457 ἐστι
812 1406 966 1472 λέγειν
1003 1407 1113 1470 παρ’
1144 1407 1261 1468 ὑμῖν,
1290 1403 1377 1455 κᾶν
1413 1405 1601 1471 ἀφῃρη-

29 1512 78 1564 67
92 1492 220 1555 με’νοι
258 1490 318 1541 τὰ
357 1491 529 1556 ὑμέτερ’
569 1491 721 1540 αὐτῶν
756 1489 853 1554 ἦτε.
897 1491 978 1540 οὐκ
1012 1489 1069 1553 ἧν
1106 1487 1327 1556 ἀσφαλὲς
1369 1488 1522 1552 λέγειν
1560 1490 1608 1538 ἐν

94 1575 316 1643 Ὀλύνθῳ
354 1573 414 1624 τὰ
441 1574 685 1624 Φιλίππου
711 1573 774 1637 μὴ
810 1572 928 1624 Ἷσὺν
954 1573 1002 1622 εὖ
1027 1572 1332 1623 πεπονθότων
1358 1576 1452 1621 τῶν
1477 1578 1601 1622 πολ-

91 1663 190 1710 λῶν
207 1659 476 1709 Ὀλυνθίων
496 1661 561 1726 τῷ
582 1659 838 1708 Ποτίδαιαν
860 1659 1172 1722 καρποῦσθαι·
1205 1656 1286 1705 οὐκ
1307 1654 1364 1718 ἦν
1387 1654 1606 1722 ἀσφαλὲς
1620 1684 1656 1714 25

92 1742 246 1808 λέγειν
265 1745 313 1793 ἐν
330 1742 571 1809 Θετταλίᾳ
590 1740 649 1791 τὰ
667 1742 909 1792 Φιλίππου
927 1739 1013 1804 Γμὴ
1036 1738 1127 1789 σὺν
1147 1739 1196 1789 εὖ
1215 1738 1503 1792 πεπονθότος
1524 1745 1606 1789 τοῦ

91 1826 302 1890 πλήθους
328 1831 433 1876 8τοῦ
458 1829 717 1876 Θετταλῶν
743 1828 809 1892 τῷ
834 1823 940 1878 τοὺς
977 1822 1230 1889 τυράννους
1266 1823 1486 1882 ἐκβαλεῖν
1513 1822 1603 1872 Φί-

93 1917 273 1961 λιππον
311 1910 464 1962 αὐτοῖς
507 1911 582 1959 καὶ
623 1907 709 1971 τὴν
752 1908 971 1958 Πυλαίαν
1009 1907 1279 1956 ἀποδοῦναι·
1337 1905 1418 1954 οὐκ
1462 1904 1519 1968 ἧν
1558 1906 1607 1954 ἐν

94 1995 279 2057 Θήβαις
317 1992 548 2061 ἀσφαλὲς,
587 1994 698 2057 πρὶν
739 1990 824 2055 τὴν
865 1991 1091 2041 Βοιωτίαν
1125 1989 1352 2039 ῒάπέδωκε
1390 1990 1464 2038 καὶ
1501 1987 1607 2041 τοὺς

29 2098 80 2137 68
94 2076 284 2129 Φωκέας
310 2078 503 2127 ἀνεῖλεν.
545 2077 653 2125 ἀλλ’
675 2075 937 2138 Ἀθήνησιν
963 2075 1015 2124 οὐ
1036 2074 1179 2136 μόνον
1207 2072 1504 2139 Ἀμφίπολιν
1530 2073 1604 2121 καὶ
1624 2083 1700 2119 106

92 2160 176 2224 τὴν
224 2162 501 2225 Καρδιανῶν
545 2158 703 2225 χώραν
753 2157 1128 2224 ἀπεστερηκότος
1173 2157 1431 2216 Φιλίππου,
1475 2154 1604 2204 ἀλλὰ

95 2245 168 2294 καὶ
206 2242 630 2308 κατασκευάζοντος
671 2244 776 2305 ὑμῖν
809 2243 1105 2307 ἐπιτείχισμα
1149 2239 1234 2303 τὴν
1277 2240 1485 2299 Εὔβοιαν
1529 2240 1605 2287 καὶ

97 2332 176 2376 νῦν
201 2328 274 2376 ἐπὶ
310 2324 562 2390 Βυζάντιον
597 2323 859 2390 παριόντος,
888 2323 1108 2392 ἀσφαλές
1144 2325 1247 2373 ἐστι
1281 2321 1436 2386 λέγειν
1463 2319 1635 2386 Πὺπὲρ5

149 2451 170 2478 g
188 2443 310 2490 πόλλ’]
334 2445 449 2478 πολλὰ
468 2445 510 2478 A.
532 2449 571 2478 ut
591 2457 625 2490 p.
646 2442 732 2488 148,
754 2454 812 2491 19.
924 2440 944 2467 h
971 2444 1012 2476 τὰ
1033 2444 1090 2476 νῦν
1110 2447 1305 2476 correctum
1325 2452 1368 2474 ex
1387 2452 1421 2485 p.
1441 2439 1526 2485 148,
1546 2450 1605 2473 20.

95 2512 132 2532 τε
152 2500 208 2531 νῦν
228 2497 438 2539 B.Y.O.u.v,
460 2503 495 2531 et
514 2510 582 2531 rec.
604 2498 644 2531 F.
676 2500 734 2531 νῦν
754 2497 957 2542 simpliciter
976 2496 1059 2530 A.S.
1197 2493 1206 2520 i
1228 2493 1383 2538 ἕκαστοι]
1409 2492 1552 2526 ἕκαστον
1572 2505 1607 2526 u.

97 2549 112 2573 k
135 2551 154 2584 ὅ
171 2565 204 2584 τι
224 2549 280 2597 ἂν]
305 2551 385 2584 ὅταν
404 2551 487 2585 A.S.
597 2548 608 2575 l
628 2550 708 2584 τάπὶ
725 2551 760 2584 S.
792 2550 1014 2584 Seribebatur
1034 2549 1076 2582 τὰ
1096 2548 1162 2581 ἐπί.
1276 2554 1306 2572 ¹¹¹
1324 2545 1495 2591 Σέρρειον]
1517 2546 1607 2579 Scri-

95 2604 242 2638 bebatur
262 2603 410 2650 Σέρριον,
454 2603 660 2638 Correctum
681 2615 724 2637 ex
743 2616 777 2649 p.
800 2602 862 2650 85‚
886 2602 946 2636 28.
1085 2607 1103 2625 n
1123 2601 1183 2644 τὴν
1204 2599 1415 2644 Καρδιανῶν]
1441 2601 1508 2632 τῶν
1527 2612 1606 2644 καρ-

96 2691 217 2724 διανῶν
235 2690 367 2725 Y.O.u.
522 2694 540 2713 ⁰
569 2690 730 2735 ἡμετέρᾳ]
763 2662 866 2722 τὶόλεῖ
890 2689 986 2722 addit
1007 2689 1042 2722 S.
1197 2692 1216 2719 P
1237 2685 1356 2730 αὐτὸν]
1380 2685 1470 2731 αὐτῷ
1496 2697 1548 2730 pr.
1571 2685 1607 2719 S.

97 2751 115 2778 Q
146 2744 210 2777 σὺν
238 2743 274 2777 εὖ
301 2743 536 2789 πεπονθότων]
571 2743 794 2777 Scribebatur
821 2742 1035 2786 conjunctim
1057 2739 1388 2778 συνευπεπονθότων,
1408 2744 1608 2783 parlterque

95 2797 214 2842 paullo
243 2802 334 2842 post.
380 2797 542 2831 Correxit
573 2796 768 2829 Schaeferus
796 2795 853 2828 hie
882 2801 916 2828 et
945 2807 979 2840 p.
1010 2804 1091 2841 149,
1116 2801 1148 2839 7.
1175 2803 1234 2826 10.
1372 2798 1386 2816 ¹·
1414 2791 1459 2834 μὴ
1488 2791 1553 2824 σὺν
1572 2789 1608 2824 εὖ

97 2849 321 2895 πεπονθότος]
345 2850 448 2893 μηδὲν
467 2849 714 2883 εὐπεπονθότος
735 2848 817 2883 S.Y.
847 2848 950 2891 μηδὲν
970 2846 1006 2881 εὖ
1025 2847 1234 2880 πεπονθότος
1254 2845 1369 2878 F.u.v.
1504 2849 1518 2868 S
1548 2846 1609 2877 τοῦ

350 2913 386 2930 01}

100 2936 296 2982 Θετταλῶν]
320 2951 386 2970 των
405 2936 578 2970 θετταλῶν
592 2936 635 2970 Y.
666 2938 733 2969 τῶν
753 2935 925 2969 θετταλῶν
947 2935 1019 2968 S.u.
1154 2935 1166 2959 t
1186 2930 1352 2975 ἀπέδωκε]
1376 2931 1546 2975 παρέδωκε
1566 2931 1608 2963 Y.

101 2994 121 3013 ¹1
140 2988 240 3034 ὑπὲρ]
263 2990 340 3035 περὶ
362 2990 398 3023 S.

161 3063 260 3090 VOL.
283 3064 314 3091 1.
887 3064 913 3091 Q
