1882 3250
59 182 151 224 144,
175 186 226 213 ιο.
600 174 741 211 ΚΑΤΑ
776 173 1051 212 ψιΛιΠΠΟτ
1083 175 1129 211 Δ.
1546 173 1628 213 153

113 283 288 337 Ρπόλις
331 282 518 382 μεγάλη
564 284 772 348 γίγνεται
816 305 892 333 και
937 282 1126 347 μεγάλη
1171 283 1387 348 σώζεται.
1440 287 1502 337 ὡς
1543 285 1627 347 μὲν

71 398 78 405 -
112 367 193 417 οὖν
226 366 344 417 εἴποι
381 389 450 419 τις
487 363 558 428 ἀν,
598 363 629 416 ἃ
665 388 763 431 παρ
812 367 1040 484 ἑκατέρων
1079 364 1193 416 εἶναι
1228 369 1306 427 δεῖ,
1343 369 1469 417 ταῦτ’
1512 368 1626 421 ἴσως

110 448 255 499 ἐστίν
297 451 358 501 ὡς
384 449 433 499 δὲ
459 451 534 498 καὶ
559 449 723 514 γε”νοιτ
752 446 810 498 ἀν
837 449 1084 512 Ἷέννόμως,
1112 450 1468 514 διορθώσασθαι
1496 454 1575 501 δεῖ.
1639 470 1678 492 ¹0

46 553 96 595 51
184 535 296 582 Τῶν
321 530 369 582 δὲ
393 531 639 596 παρόντων
663 531 956 597 πραγμάτων
992 534 1067 582 καὶ
1101 536 1183 595 τῆς
1221 536 1428 599 ταραχῆς
1462 533 1627 584 πολλὰ

109 613 352 682 πόρρωθέν
390 617 493 665 ἐστι
532 613 591 665 τὰ
630 615 765 665 α’ίτια·
806 612 837 664 ἃ
876 618 913 664 εἰ
953 615 1260 678 βουλομένοις
1301 617 1406 677 ὑμῖν
1445 616 1626 667 ἀκούειν

111 701 254 761 ἐστὶν,
298 699 443 748 ἐθέλω
482 697 651 763 λέγειν.
692 697 927 766 ἐξέστητε,
966 695 1003 748 ὦ
1044 697 1208 764 ἄνδρες
1245 700 1500 763 Ἀθηναῖοι,
1542 702 1625 763 τῆς

111 781 405 835 ’ὑποθέσεως
443 782 514 849 ἐφ’
544 782 598 845 ἧς
638 782 754 843 ὑμᾶς
793 784 834 830 οὶ
868 781 1094 847 πρόγονοι
1133 781 1434 843 Ξκατέλιπον,
1460 783 1536 832 καὶ
1569 781 1672 834 rius

109 865 193 927 μὲν
217 863 542 931 προΐστασθαι
568 869 662 915 τῶν
686 863 939 928 Ἑλλήνων
959 869 1033 915 καὶ
1061 865 1254 927 δύναμιν
1276 870 1621 929 συνεστηκυῖαν

108 949 300 1016 ἔχοντας
339 953 462 999 πᾶσι
497 953 594 1002 τοῖς
632 949 946 1011 ἀδικουμένοις
984 952 1175 1011 βοηθεῖν
1211 949 1456 1014 περίεργον
1491 949 1613 1000 ἐπεί-

107 1036 254 1095 σθητε
290 1029 403 1082 εἶναι
438 1034 513 1082 καὶ
538 1031 736 1095 μάταιον
762 1031 992 1094 ἀνάλωμα
1030 1031 1140 1082 ῒὺπὸ
1166 1036 1260 1082 τῶν
1286 1037 1433 1082 ταῦτα
1469 1039 1613 1083 πολι-

104 1115 372 1178 τευομένων,
399 1114 453 1165 τὸ
490 1115 528 1165 δ’
557 1116 605 1164 ἐν
641 1115 815 1183 ἡσυχίᾳ
849 1114 1025 1179 διάγειν
1065 1116 1139 1165 καὶ
1179 1114 1322 1178 μηδὲν
1356 1120 1451 1165 τῶν
1485 1114 1615 1166 δεόν-

104 1223 198 1250 των
231 1199 466 1266 πράττειν,
505 1198 636 1248 ἀλλὰ
674 1199 971 1264 προϊεμένους
1010 1201 1111 1250 καθ’
1141 1197 1190 1249 ἓν
1229 1199 1430 1250 ἕκαστον
1465 1201 1622 1251 πάντα
1634 1220 1673 1241 ²0

108 1283 286 1349 ἑτέρους
324 1285 459 1333 ἐᾶσαι
500 1287 679 1344 λαβεῖν,
723 1282 1003 1345 θαυμαστὴν
1047 1282 1342 1344 εὐδαιμονίαν
1379 1285 1452 1333 καὶ
1491 1289 1616 1334 πολ-

17 1374 21 1380 ’
41 1389 95 1432 52
106 1364 198 1430 λὴν
223 1366 493 1434 ἀσφαλειάν
519 1364 638 1431 ε”χειν
663 1370 685 1390 ¹¹
701 1363 872 1416 οἴεσθε.
915 1366 964 1415 ἐκ
991 1364 1039 1415 δὲ
1065 1365 1244 1416 τούτων
1264 1364 1519 1431 παρελθὼν
1544 1368 1620 1418 ἐπὶ

102 1449 188 1514 τὴν
219 1448 356 1518 τάξιν
382 1451 453 1517 ἐφ’
481 1449 536 1513 ἧς
574 1451 679 1512 ὑμῖν
717 1447 940 1516 τετάχθαι
978 1453 1219 1515 προσῆκεν
1257 1450 1455 1516 Χὲτερος,
1483 1450 1620 1505 οὗτος

102 1534 327 1597 εὐδαίμων
367 1536 442 1583 καὶ
484 1532 630 1598 μέγας
677 1536 752 1583 καὶ
796 1538 996 1583 πολλῶν
1043 1532 1197 1598 κύριος
1242 1533 1448 1599 γέγονεν,
1493 1534 1612 1586 εἰκό-

101 1635 207 1670 τως·
249 1620 447 1682 πρᾶγμα
488 1615 580 1682 γὰρ
626 1615 809 1679 ἔντιμον
851 1619 925 1667 καὶ
969 1616 1092 1681 μέγα
1135 1619 1209 1667 καὶ
1255 1615 1492 1682 λαμπρὸν,
1538 1620 1612 1668 καὶ
1629 1636 1665 1665 25

100 1701 207 1766 περὶ
232 1699 285 1750 οὗ
309 1697 466 1750 πάντα
490 1698 572 1750 τὸν
604 1697 774 1766 χρόνον
808 1703 856 1749 αἱ
889 1698 1110 1765 μέγισται
1147 1704 1242 1750 τῶν
1276 1698 1464 1750 πόλεων
1496 1699 1615 1766 πρὸς

103 1782 244 1836 αὑτὰς
270 1782 551 1851 διεφέροντο,
576 1783 954 1844 Λακεδαιμονίων
979 1781 1063 1845 μὲν
1088 1781 1404 1850 ἠτυχηκότων,
1430 1785 1614 1846 Θηβαί-

102 1888 169 1916 ων
194 1866 231 1916 δ’
254 1865 483 1933 ἀσχόλων
509 1865 584 1916 διὰ
609 1865 691 1916 τὸν
713 1865 928 1916 Φωκικὸν
946 1865 1159 1928 πόλεμον
1185 1866 1460 1930 γενομένων,
1482 1866 1614 1930 ἡμῶν

34 1968 88 2013 53
104 1949 142 1999 δ’
170 1949 470 2011 ἀμελούντων
494 1949 665 2015 ε”ρημον
690 1948 911 1999 ἀνείλετο,
952 1947 1192 2015 τοιγάρτοι
1229 1947 1284 1999 τὸ
1319 1947 1406 2012 μὲν
1442 1953 1607 2016 φοβεῖ-
1629 1967 1710 2007 144

622 2031 637 2047 Χ

17 1748 19 1771 Ι

16 1890 18 1919 ι

15 2027 18 2076 9
100 2035 213 2082 σθαι
252 2037 349 2085 τοῖς
384 2032 563 2094 ἄλλοις,
589 2055 644 2082 το
679 2030 764 2082 Ῡδὲ
789 2030 1070 2098 συμμάχους
1104 2029 1319 2085 πολλοὺς
1358 2031 1511 2099 Ζἔχειν
1536 2035 1612 2084 καὶ

15 2086 18 2125 1
98 2114 293 2178 δύναμιν
327 2113 544 2180 μεγάλην
578 2116 733 2183 ἐκείνῳ
769 2115 1054 2180 περιγέγονε,
1082 2117 1158 2164 καὶ
1195 2120 1408 2165 τοσαῦτα
1444 2114 1605 2182 πράγ-

95 2219 223 2260 ματα
261 2200 334 2248 καὶ
367 2204 558 2248 τοιαῦτα
595 2198 684 2262 ἤδη
718 2197 993 2263 περιέστηκε
1031 2195 1139 2251 τοὺς
1166 2196 1414 2262 οΈλληνας
1451 2198 1601 2250 ἅπαν·
1619 2227 1637 2257 5

96 2302 193 2343 τας,
219 2279 343 2332 ὥστε
369 2287 388 2307 ³
402 2282 507 2346 μηδ’
537 2280 562 2332 ὅ
587 2303 631 2331 τι
656 2279 747 2348 χρὴ
773 2281 1119 2344 συμβουλεύειν
1145 2282 1344 2348 εὔπορον
1370 2279 1499 2332 εἶναι.

30 2395 89 2436 54
163 2362 356 2415 ”Οντων
381 2365 435 2427 δ’,
462 2362 498 2414 ὦ
523 2365 686 2430 ἄνδρες
711 2365 966 2428 Ἀθηναῖοι,
992 2369 1086 2415 τῶν
1111 2364 1358 2431 παρόντων
1383 2364 1609 2432 πραγμά-

95 2469 190 2498 των
226 2445 426 2509 bmimv,
465 2450 528 2501 ὡς
563 2445 655 2512 ἐγὼ
690 2448 842 2513 κρίνω,
880 2453 1101 2515 φοβερῶν
1135 2449 1314 2502 οὐδένες
1350 2450 1398 2500 ἐν
1435 2449 1606 2515 μείζονι

95 2531 289 2601 κινδύνῳ
326 2536 420 2582 τῶν
456 2530 648 2582 πάντων
682 2534 802 2582 εἰσὶν
842 2533 984 2594 ὑμῶν,
1021 2533 1075 2582 οὐ
1113 2531 1259 2596 μόνον
1287 2537 1353 2600 τῷ
1389 2531 1605 2596 μάλιστα

105 2615 117 2629 t
157 2619 177 2629 a·
231 2617 242 2631 )
459 2615 470 2630 Ι
619 2616 630 2633 Ι
858 2617 873 2633 ³.
959 2615 972 2632 Χ
1072 2618 1084 2632 x
1170 2620 1189 2628 Α
1284 2615 1295 2633 Ι
1468 2617 1479 2632 ὶ
1559 2614 1570 2631 Ι

12 2574 17 2687 ¹
95 2637 200 2677 υμιν
220 2620 537 2676 επιβουλευειν
563 2619 818 2678 Φιλιππον,
846 2622 978 2665 αλλα
1011 2638 1087 2666 και
1125 2639 1192 2684 τῳ
1228 2639 1420 2667 παντων
1451 2639 1600 2682 αργο-
1620 2640 1658 2662 10

0 2741 15 2797 ,ἶ
147 2763 166 2792 Ρ
189 2758 289 2794 πόλις
307 2758 456 2805 μεγάλη]
479 2760 610 2805 μεγάλη
630 2761 731 2795 πόλις
752 2760 788 2794 S.
903 2764 916 2787 q
934 2760 1095 2805 ἐννόμως]
1118 2761 1154 2794 ἐν
1174 2762 1276 2804 νόμωι
1296 2760 1378 2795 A.S.
1488 2767 1502 2786 Ι·
1523 2761 1604 2794 ὐπο-

0 2812 3 2839 ί
92 2811 235 2857 θέσεως]
259 2813 385 2856 τάξεως
403 2827 458 2857 γρ.
481 2813 516 2846 S.
628 2818 642 2837 S
663 2812 862 2858 κατέλιπον]
887 2815 1086 2847 κατελειπον
1107 2813 1142 2848 S.
1242 2814 1255 2838 t
1277 2814 1359 2860 ὑπὸ]
1386 2814 1469 2859 ὑπὲρ
1489 2826 1541 2860 pr.
1563 2813 1600 2849 S.

0 2862 2 2882 ¹
92 2868 114 2888 Π
132 2863 264 2910 οἴεσθε]
290 2864 411 2900 ὤιεσθε
434 2866 468 2899 S.
553 2871 573 2890 X
593 2865 722 2912 ἕτερος]
747 2867 765 2899 ὁ
785 2867 957 2910 φιλιππος
977 2866 1021 2901 Ο.
1097 2876 1104 2895 ³
1132 2866 1185 2913 δὲ]
1208 2867 1269 2910 μὲν
1287 2878 1341 2913 pr.
1366 2866 1400 2900 S.
1478 2874 1493 2892 ⁷<
1512 2868 1603 2912 ἔχειν

13 2770 15 2808 Ι

12 2810 16 2979 ἔ
92 2922 172 2961 post
189 2918 340 2963 μεγάλην
360 2918 565 2954 F.Y.O.u.v.
676 2924 695 2944 Β
713 2918 808 2966 μηδ’]
831 2919 875 2962 μὴ
892 2920 933 2954 A.
1045 2916 1064 2944 b
1084 2921 1192 2954 πᾶσιν
1212 2931 1281 2955 om.
1305 2919 1339 2954 S.

12 2987 15 3033 i
151 2991 241 3018 ΥΟΕ.
268 2993 296 3018 Ῑ.
834 2994 860 3019 X

12 3101 15 3142 Ι

11 3145 15 3206 ¹.
