1882 3250
529 501 1189 570 PRAEFATIO.

106 799 628 875 DEMOSTHENIS
672 827 940 873 orationum
985 824 1190 872 diversas
1240 822 1504 885 antiquitus
1549 838 1619 865 re-

107 904 353 950 censiones
395 904 631 950 exstitisse
679 902 1099 966 grammaticorum
1143 898 1444 962 quorundam
1490 914 1620 943 com-

106 988 296 1042 pertum
328 980 561 1025 habemus
590 978 892 1032 testimoniis,
919 995 1025 1039 quae
1050 988 1212 1022 tamen
1242 985 1289 1021 et
1318 974 1543 1038 pauciora
1573 982 1620 1017 et

106 1055 380 1101 obscuriora
417 1063 527 1101 sunt
556 1072 699 1117 quam
734 1063 787 1100 ut
818 1053 1032 1116 indagari
1066 1052 1215 1116 possit
1245 1069 1349 1114 quae
1382 1049 1620 1096 recensio-

107 1148 222 1176 num
265 1131 452 1176 illarum
489 1132 562 1177 vel
607 1130 665 1176 ad
704 1130 860 1193 prIma
901 1129 1096 1174 oratoris
1139 1127 1431 1190 exemplaria
1467 1125 1619 1171 Athe-

106 1206 290 1252 niensia
322 1207 440 1251 ratio
465 1206 536 1252 vel
565 1206 775 1269 ipsarum
801 1205 934 1267 origo
964 1212 1011 1249 et
1041 1204 1294 1249 auctoritas
1327 1202 1484 1248 fuerit.
1546 1202 1619 1246 Ac

103 1281 260 1344 primo
285 1281 477 1343 quidem
508 1281 826 1344 Harpocratio
851 1280 1109 1326 Ἀττικιανὰ
1136 1278 1354 1341 quaedam
1384 1286 1620 1323 memorat

105 1357 414 1420 exemplaria,
451 1357 663 1412 nomine,
699 1366 752 1401 ut
788 1364 913 1401 recte
951 1354 1212 1416 conjecisse
1248 1353 1435 1399 videtur
1467 1352 1621 1398 Hem-

106 1433 367 1478 sterhusius
404 1433 452 1478 in
486 1432 670 1478 Anecd.
698 1432 790 1477 vol.
821 1449 857 1478 1.
885 1449 930 1494 p.
956 1446 1064 1489 244,
1098 1431 1156 1476 ab
1187 1430 1350 1475 Attico
1387 1446 1442 1473 eo
1475 1428 1620 1474 ducto

106 1509 241 1570 cujus
282 1509 329 1555 in
374 1508 636 1556 scribendis
681 1508 926 1554 codicibus
970 1506 1374 1552 accuratissimam
1420 1504 1621 1567 diligen-

104 1585 218 1630 tiam
260 1586 487 1649 praedicat
521 1585 760 1630 Lucianus
798 1585 888 1630 vol.
916 1601 959 1645 3.
996 1601 1041 1646 p.
1076 1599 1178 1628 100.
1212 1591 1259 1626 et
1298 1599 1432 1643 119.:
1474 1598 1618 1643 quem

105 1660 351 1707 AEschinis
402 1679 593 1724 quoque
646 1661 913 1706 orationum
969 1659 1193 1720 exempla
1248 1657 1507 1702 confecisse
1560 1674 1620 1702 ex

106 1736 489 1800 Harpocratione
517 1736 751 1791 novimus,
779 1735 860 1797 qui
889 1735 989 1780 haec
1015 1733 1201 1779 duobus
1230 1733 1344 1778 loeis
1373 1741 1620 1786 memorat,

107 1831 140 1857 s.
168 1830 209 1858 v.
232 1813 407 1876 Ἀργᾶς
437 1822 485 1858 et
514 1813 720 1868 Θύστιον,
751 1810 1130 1857 Demosthenica
1159 1826 1269 1854 vero
1303 1809 1454 1854 tribus
1488 1809 1619 1863 locis,

105 1905 309 1949 quorum
347 1889 530 1952 primus
570 1896 640 1933 cst
680 1905 714 1932 s.
747 1905 790 1931 v,
820 1887 1068 1930 Ἀνελοῦσα
1111 1902 1170 1930 ex
1207 1886 1419 1930 oratione
1456 1894 1622 1930 contra

105 1964 455 2010 Androtionem
493 1983 539 2027 p.
569 1979 679 2026 599,
709 1981 782 2024 23.
819 1963 897 2008 ubi
943 1964 983 2006 ἐν
1018 1970 1109 2011 τοῖς
1141 1963 1437 2010 Ἀττικιανοῖς
1473 1961 1622 2015 διττὴν

106 2042 284 2102 γραφὴν
309 2050 494 2086 exstare
521 2048 734 2095 annotat,
762 2039 975 2092 alteram,
1002 2054 1109 2099 quae
1136 2036 1277 2082 hodie
1303 2054 1495 2099 quoque
1520 2038 1621 2083 vul-

106 2126 214 2178 gata
239 2125 325 2173 est,
350 2118 560 2162 ἀνελοῦσα
587 2115 675 2179 γὰρ
702 2117 743 2173 (ἡ
769 2116 928 2175 βουλὴ)
952 2113 1030 2160 τὸν
1061 2115 1189 2167 νόμον
1215 2118 1373 2159 τοῦτον
1399 2116 1622 2177 ἐχειροτό-

106 2214 225 2245 νησεν
267 2194 395 2245 αὐτήν
431 2192 523 2250 (vel
565 2194 728 2252 αὑτήν),
771 2191 966 2236 alteram
1016 2208 1075 2236 ex
1120 2190 1272 2236 critici
1314 2191 1532 2252 alicujus,
1570 2204 1621 2238 ut

106 2268 290 2330 opinor,
334 2268 606 2329 conjectura
647 2267 928 2330 profectam,
972 2284 1115 2328 quam
1160 2266 1415 2312 verisimile
1458 2276 1529 2313 est
1571 2268 1618 2313 in

108 2344 322 2405 margine
356 2348 440 2390 τῶν
468 2345 755 2389 Ἀττικιανῶν
788 2351 1062 2388 annotatam
1098 2343 1255 2395 fuisse,
1286 2345 1497 2389 ἀνελοῦσα
1532 2344 1620 2407 γὰρ

105 2419 182 2465 τὸν
223 2421 351 2471 νόμον
392 2425 551 2466 τοῦτον
587 2420 888 2482 ἐχειροτόνησε
922 2421 1128 2475 λαβοῦσα
1165 2420 1315 2464 ἐκεῖνον
1351 2421 1472 2480 αὐτῇ,
1509 2437 1618 2466 cum

105 2512 200 2557 qua
237 2506 503 2541 nostrorum
545 2495 761 2541 nonnulli
801 2495 1030 2541 librorum
1072 2504 1267 2540 eatenus
1312 2497 1621 2542 consentiunt

105 2570 231 2632 quod
257 2571 469 2617 dativum
498 2572 715 2634 praebent
739 2573 857 2631 αὐτῇ,
885 2571 934 2616 in
962 2571 1128 2616 ceteris
1155 2571 1276 2616 nihil
1303 2589 1327 2617 a
1354 2572 1510 2634 priore
1540 2573 1620 2618 illa

106 2647 337 2709 scriptura
379 2647 719 2710 discrepantes.
789 2646 1038 2693 Secundus
1081 2647 1213 2692 locus
1258 2656 1330 2691 est
1371 2664 1406 2691 s.
1439 2666 1482 2693 v.
1513 2649 1620 2693 Ἐκ-

104 2729 372 2778 πολεμῶσ-αι,
398 2724 524 2787 quod
554 2742 613 2769 ex
639 2724 983 2770 Demosthenis
1008 2724 1294 2787 Philippicis
1321 2724 1388 2782 (id
1419 2734 1488 2771 est
1518 2745 1620 2773 ora-

104 2799 313 2845 tionibus
339 2800 633 2864 Olynthiaca
666 2800 818 2862 prima
848 2818 893 2862 p.
923 2817 991 2849 10,
1016 2817 1091 2861 29.
1118 2808 1165 2844 et
1188 2800 1328 2845 tertia
1352 2819 1398 2863 p.
1421 2819 1498 2863 30,
1522 2811 1615 2865 29.)

106 2875 236 2920 affert
284 2875 356 2921 his
405 2876 576 2932 verbis,
619 2876 960 2928 Ἐκπολεμῶσαι
1013 2877 1289 2929 Δημοσθένης
1335 2878 1618 2929 Φιλιππικοῖς

848 2968 873 2995 a
