1903 3271
247 165 331 205 444
785 169 1213 208 ΔΗΜΟΣΘΕΝΟὙΣ
1349 167 1430 207 OR.
1451 167 1590 208 XIX.
1616 181 1658 222 p.
1677 177 1829 218 420,15

810 279 934 330 1νυνὶ
966 287 996 306 ¹¹¹
1012 279 1226 344 παρόντα
1264 279 1448 346 χρόνον,
1474 279 1593 331 ὥσθ’
1620 281 1646 331 ὁ
1673 282 1760 344 δη·
1780 305 1815 335 15

245 278 589 344 τετταράκοντα
613 283 676 333 εἷς
701 278 783 330 τὸν

245 361 468 428 μιουργὸς
494 363 520 412 ὃ
549 368 688 413 τοῦτο
719 363 916 416 πλάσας
951 362 1006 413 τὸ
1039 366 1207 429 σχῆμα
1242 364 1295 412 οὐ
1331 363 1476 427 μόνον
1510 365 1593 415 οὐκ
1627 363 1766 418 αὐτὸς

153 451 233 491 282
247 444 304 509 ἧν
338 450 440 496 κατ’
468 447 688 509 Πέκεῖνον,
721 448 830 496 ἀλλ’
860 447 956 496 οὐδ’
993 447 1018 496 ὁ
1055 445 1250 499 πάππος
1287 447 1442 498 αὑτοῦ.
1506 453 1644 497 τοῦτο
1681 446 1766 509 μὲν

246 529 402 579 τοίνυν
427 527 526 580 εἷπε
552 534 647 582 τοῖς
674 531 917 582 δικασταῖς
951 532 1025 579 καὶ
1058 528 1339 593 ἐμιμήσατο·
1381 528 1406 580 ὃ
1437 529 1485 580 δὲ
1516 535 1599 580 τοῦ
1634 529 1759 596 σχή-

245 634 392 674 ματος
430 611 487 676 ἧν
523 612 689 662 τούτου
733 616 906 681 πολλῷ
949 617 1007 680 τῇ
1050 611 1189 663 πόλει
1227 615 1636 679 λυσιτελέστερον,
1675 612 1763 663 οτὸ
1778 635 1819 657 20
1876 629 1884 655 ²

245 693 331 758 τὴν
364 695 529 763 ψυχὴν
562 695 679 758 Ρτὴν
714 695 932 748 Σόλωνος
971 698 1079 746 ἰδεῖν
1114 696 1188 745 καὶ
1227 693 1312 757 τὴν
1346 694 1565 758 διάνοιαν,
1591 695 1766 759 ταύτην
1875 698 1886 747 3

245 779 328 828 οὐκ
366 778 644 842 ἐμιμήσατο,
684 778 815 828 ἀλλὰ
856 788 871 815 ‘⁴
889 783 984 829 πᾶν
1028 779 1312 829 τούναντίον.
1373 780 1542 832 ἐκεῖνος
1584 779 1670 841 μέν
1710 801 1765 843 γε

1874 813 1887 879 2⁴21-
1878 778 1885 793 ,-

245 863 566 930 ἀφεστηκυίας
607 866 876 924 Σαλαμῖνος
917 863 1183 925 Ἀθηναίων
1221 864 1296 912 καὶ
1334 861 1538 912 θάνατον
1569 863 1766 928 Γζημίαν

245 946 612 1013 ψηφισαμένων,
640 946 698 995 ἄν
733 968 803 999 τις
838 946 943 1013 εἴπῃ
977 946 1260 1012 κομίζεσθαι,
1287 945 1370 996 τὸν
1404 946 1520 996 ἰ’διον
1555 947 1765 996 κίνδυνον

245 1030 430 1083 ὑποθεὶς
464 1031 645 1094 ἐλεγεῖα
683 1028 888 1092 ποιήσας
926 1026 1020 1095 ᾖδε,
1059 1032 1134 1078 καὶ
1171 1028 1257 1092 τὴν
1294 1029 1379 1092 μὲν
1411 1029 1571 1096 χώραν
1609 1030 1764 1080 ἔσωσε
1779 1054 1815 1085 25

150 1115 230 1170 283
244 1115 302 1180 τῇ
340 1111 492 1175 πόλει,
527 1112 612 1177 τὴν
651 1116 691 1163 δ’
731 1111 1039 1179 ὑπάρχουσαν
1075 1113 1307 1180 αἰσχύνην
1345 1112 1641 1181 ἀπήλλαξεν
1680 1113 1758 1164 οὗ·

244 1219 324 1250 τος
362 1197 417 1259 δ’,
456 1195 515 1260 ἢν
556 1196 787 1257 βασιλεὺς
828 1200 902 1247 καὶ
943 1196 1114 1250 πάντες
1153 1201 1226 1248 8οὶ
1263 1196 1503 1261 “Ελληνες
1542 1197 1766 1264 ὑμετέραν

245 1280 476 1346 ἔγνωσαν,
514 1281 825 1349 Ἀμφίπολιν,
865 1281 1039 1344 ταύτην
1082 1280 1276 1349 ἐξέδωκε
1324 1284 1400 1332 καὶ
1445 1283 1644 1332 ἀπέδοτο
1689 1284 1763 1332 καὶ

244 1369 312 1434 τῷ
350 1371 498 1415 ταῦτα
535 1363 768 1433 γράφοντι
813 1369 1002 1414 συνεῖπε
1043 1365 1340 1429 Φιλοκράτει.
1409 1365 1542 1434 ἄξιόν
1580 1389 1648 1430 γε,
1687 1367 1763 1417 toz)
1777 1369 1883 1430 4211

245 1448 373 1515 γάρ;
417 1447 474 1513 ἧν
502 1447 723 1501 Σόλωνος
748 1449 901 1517 ῑιαύτῲ
935 1451 1243 1512 Χμεμνῆσθαι.
1302 1452 1377 1500 καὶ
1416 1451 1469 1500 οὐ
1506 1450 1651 1512 μόνον
1684 1452 1760 1501 ἐν·

245 1537 397 1584 ταῦθα
432 1533 585 1583 γταῦτ’
611 1533 845 1595 ἐποίησεν,
873 1533 1010 1582 Ζἀλλ’
1039 1535 1187 1584 ἐκεῖσε
1225 1533 1379 1584 ἐλθὼν
1417 1533 1521 1586 οὐδὲ
1558 1536 1764 1598 τοῦνομα

245 1616 512 1685 ἐφθέγξατο
555 1619 638 1680 τῆς
681 1616 838 1684 χώρας
884 1616 997 1682 ὑπὲρ
1042 1617 1095 1680 ἧς
1137 1617 1432 1683 ἐπρέσβευεν.
1497 1621 1573 1669 καὶ
1617 1625 1793 1673 ταῦτα5

152 1708 235 1760 284
247 1700 385 1754 αὐτὸς
421 1700 680 1767 ἀπήγγειλε
717 1700 835 1767 πρὸς
875 1702 1009 1763 ὑμᾶς·
1057 1702 1300 1766 μέμνησθε
1334 1702 1427 1768 γὰρ
1459 1702 1641 1767 ’Ἰδήπου
1679 1703 1758 1753 λε’-

707 1783 773 1813 ‘cb

245 1790 374 1852 γοντ’
415 1785 557 1835 αὐτὸν
598 1784 668 1835 ὅτι
787 1787 892 1849 περὶ
935 1784 1274 1853 Ἀμφιπόλεως
1318 1784 1443 1854 εἶχον
1489 1787 1573 1849 μὲν
1610 1788 1766 1853 εκοίγὼ

245 1877 274 1900 “
300 1870 470 1935 λέγειν’
525 1869 600 1920 ἵνα
645 1871 682 1920 δ’
725 1867 1004 1934 ᾱέγγένηται
1045 1870 1342 1933 Δημοσθένει
1382 1874 1487 1937 περὶ
1525 1873 1665 1934 αὐτῆς
1704 1875 1766 1922 εἱ-

245 1960 272 1983 “
297 1957 415 2013 πεῖν,
449 1951 759 2017 παρέλιπον.”
813 1951 905 2016 ἐγὼ
943 1950 991 2002 δὲ
1029 1952 1281 2017 παρελθών
1315 1954 1447 2005 οὐδὲν
1482 1954 1602 2022 ε”φην
1633 1961 1762 2006 erofi-

1383 2039 1398 2087 ἶ
1432 2035 1446 2062 f

244 2058 326 2086 τον
360 2033 426 2086 ὧν
458 2034 665 2096 ἐβούλετ’
695 2038 837 2085 εἰπεῖν
871 2033 989 2101 πρὸς
1022 2036 1265 2087 Φίλιππον
1299 2038 1381 2098 ἐμο
1457 2043 1758 2104 παραλιπεῖν·
1781 2063 1817 2084 ιο

245 2124 417 2171 θᾶττον
455 2119 548 2186 γὰρ
587 2116 680 2168 ἕὸἷν
717 2124 800 2170 τοῦ
842 2119 1037 2182 αἵματος
1073 2119 1102 2184 ἢ
1141 2120 1289 2186 λόγου
1332 2123 1616 2183 μεταδοῦναί
1653 2145 1757 2174 τινι.

245 2204 371 2265 ἀλλ’,
411 2200 553 2264 οἶμαι,
593 2201 792 2269 χρήματ’
831 2201 1097 2270 1Ῑεὶληφότα
1135 2205 1217 2254 οὐκ
1255 2203 1312 2268 ἧν
1349 2207 1608 2271 ἀντιλέγειν
1645 2206 1763 2272 πρὸς

247 2288 492 2338 Φίλιππον
537 2285 617 2335 τὸν
663 2285 776 2350 ὑπὲρ
814 2285 980 2337 τούτου
1019 2288 1265 2350 δεδωκότα,
1310 2289 1436 2342 ὅπως
1480 2291 1654 2354 ἐκείνην
1697 2290 1761 2355 μὴ

300 2472 310 2500 ¹
331 2475 419 2521 νυνὶ]
444 2477 502 2510 νῦν
521 2476 667 2511 A.k.r.s.
765 2482 795 2500 m
815 2477 965 2521 παρόντα
986 2488 1055 2511 om.
1078 2475 1225 2510 O.t.u.v.
1312 2482 1330 2501 ¹¹
1351 2476 1476 2510 ἐκεῖνον
1497 2477 1532 2511 S.
1563 2477 1688 2512 ἐκεῖνον
1705 2479 1765 2512 τὸν

244 2530 370 2575 χρόνον
388 2530 507 2575 vulgo.
629 2535 647 2554 0
667 2531 706 2563 τὸ
725 2530 803 2576 τὴν]
829 2532 889 2563 τοῦ
909 2529 970 2573 τὴν
991 2529 1034 2564 Ο.
1063 2530 1124 2573 τὴν
1143 2541 1172 2564 r.
1299 2536 1316 2563 P
1337 2530 1414 2576 τὴν]
1438 2533 1499 2564 τοῦ
1517 2543 1570 2576 pr.
1585 2532 1627 2565 A.
1647 2543 1716 2566 om.
1737 2538 1763 2566 t.

246 2588 266 2616 q
285 2583 370 2629 πᾶν]
394 2581 484 2617 ἅπαν
502 2583 545 2616 Y.
694 2589 709 2608 Γ
729 2582 863 2629 ζημίαν]
887 2583 947 2626 τὴν
968 2581 1084 2627 ζημίαν
1104 2583 1290 2617 A.F.k.r.s.
1435 2589 1449 2608 5
1471 2585 1502 2617 οἱ
1521 2596 1591 2618 om.
1613 2584 1761 2620 O.t.u.v.

246 2634 260 2661 t
281 2637 319 2670 οὐ
338 2637 405 2682 γάρ
424 2648 494 2671 om.
518 2636 598 2671 S.Y.
619 2642 655 2671 et
673 2651 728 2682 γρ.
751 2637 790 2670 F.
903 2642 923 2660 ¹¹
944 2636 1050 2684 αὐτῷ]
1075 2637 1157 2670 αὐτὸ
1176 2642 1202 2670 t.
1307 2642 1325 2660 Χ
1345 2637 1553 2683 μεμνῆσθαι]
1576 2639 1765 2682 μνησθῆναι

246 2690 388 2724 A.k.r.s.
510 2696 528 2723 Y
548 2690 659 2736 ταῦτ’]
681 2689 772 2724 τοῦτ’
793 2690 937 2724 A.k.r.s.
1062 2696 1078 2714 Ζ
1098 2689 1176 2723 ἀλλ’
1197 2689 1305 2723 ἐκεῖσε
1326 2691 1491 2725 A.S.Y.k.
1521 2691 1611 2724 ἀλλὰ
1631 2691 1764 2726 κάκεῖσε

246 2743 365 2789 vulgo.
450 2748 469 2768 a
489 2743 618 2790 δήπου]
643 2744 683 2787 δὴ
703 2744 771 2777 A.k
787 2755 813 2777 S.
902 2744 916 2764 ¹¹
937 2742 1032 2788 περὶ]
1057 2744 1134 2788 περὶ
1154 2744 1189 2776 δέ
1209 2744 1238 2776 Λ
1255 2744 1277 2776 k
1295 2756 1321 2777 s.
1353 2744 1389 2777 δέ
1409 2745 1486 2790 περὶ
1505 2757 1533 2778 r.
1617 2750 1634 2770 0
1653 2745 1760 2791 κάγὼ]

247 2798 300 2831 καὶ
320 2797 387 2842 ἐγὼ
409 2796 444 2831 S.
621 2793 640 2821 d
660 2797 853 2842 ἐγγένηται]
878 2796 1048 2842 ἐγγίνηται
1067 2797 1208 2830 A.k.l·.s.
1237 2796 1372 2842 γένηται
1393 2797 1436 2836 Q.
1602 2803 1619 2823 e
1640 2800 1764 2832 τοῦτον

245 2862 298 2895 pr.
314 2851 356 2884 A.
385 2847 516 2883 τούτων
535 2856 711 2885 correctus
731 2851 773 2885 A.
797 2855 831 2884 et
851 2850 987 2884 codices
1007 2850 1112 2884 ceteri
1133 2862 1213 2884 eum
1232 2850 1445 2885 editionibus
1464 2856 1546 2886 ante
1567 2851 1760 2886 Reiskium.

245 2901 261 2927 f
277 2903 499 2950 παραλιπεῖν]
522 2904 744 2949 παραλείπειν
765 2904 800 2938 S.
869 2909 890 2937 g
908 2902 947 2937 ἂν
968 2916 1034 2937 om-
1054 2904 1165 2937 A.k.s.
1233 2901 1252 2928 h
1273 2903 1458 2950 εἰληφότα]
1481 2906 1632 2945 λαβόντα
1650 2905 1760 2940 A.k.s.
