1882 3250
198 2390 219 2417 ΚΟ

229 1672 249 1691 2!

252 1674 439 1750 ΕΔΕΙ
472 1696 570 1761 μὲν,
597 1696 634 1747 ὦ
665 1697 828 1764 ἄνδρες
859 1698 1114 1761 Ἀθηναῖοι,
1142 1696 1249 1750 τοὺς
1281 1696 1507 1761 λέγοντας
1544 1694 1753 1749 ἅπαντας
1764 1724 1818 1766 90
1856 1733 1872 1746 -,

239 190 297 234 96
783 195 1208 234 ΔΗΜΟΣΘΕΝΟΎΣ
1438 194 1518 233 On.
1537 193 1667 234 VIII.
1690 208 1729 248 p.
1750 195 1814 245 88,
1830 212 1843 238 ι

240 307 344 349 ξαντο
373 305 426 339 καὶ
454 306 642 349 μετέδωκαν
671 306 783 342 αὐτοῖς
812 307 863 340 καὶ
895 308 1006 341 οἷκιῶν
1035 308 1088 341 καὶ
1115 308 1188 353 γῆς,
1216 307 1398 353 Καρδιανοὶ
1425 308 1462 341 δὲ
1490 308 1549 341 οὐκ
1577 308 1748 352 ἐδέξαντο,

239 370 399 414 λέγοντες
423 370 509 403 ι’δίαν
532 371 647 415 χώραν
670 370 771 404 οἶκεῖν
797 371 850 404 καὶ
875 372 934 405 οὐκ
957 370 1150 414 Ἀθηναίων.
1195 371 1348 405 ἐντεῦθεν
1367 369 1426 404 οὖν
1445 371 1624 414 Διοπείθης
1642 367 1750 404 ὒέπο-
1765 380 1800 411 15

239 432 335 476 λέμει
364 433 575 477 Καρδιανοῖς.
619 434 650 466 οἱ
681 433 717 466 δέ
751 434 842 478 παρὰ
872 433 1041 466 Φίλιππον
1070 432 1339 479 καταφεύγουσι,
1371 434 1452 467 οκαὶ
1484 432 1521 468 ὃς
1554 432 1751 468 ἐπιστέλλει

239 498 311 531 τοῖς
340 494 527 539 Ἀθηναίοις
555 497 600 540 μὴ
629 497 806 538 βιάζεσθαι
838 497 1044 542 Καρδιανοὺς
1073 497 1115 532 ὡς
1145 497 1235 543 αὐτῷ
1265 496 1513 542 προσήκοντας,
1542 496 1633 530 ἀλλὰ
1661 497 1751 531 δικά-

240 560 368 594 σασθαι
396 560 482 605 πρὸς
506 560 639 602 αὐτοὺς,
661 558 693 593 εἵ
716 557 780 593 (Ῑτί
808 561 918 605 φασιν
944 559 1132 604 ἠδικῆσθαι.
1177 561 1220 595 ὡς
1246 561 1282 594 δέ
1308 561 1368 594 οὐκ
1393 561 1513 603 ἤκουον
1537 558 1694 594 ῧτοῦτων
1719 561 1751 594 οἱ
1764 555 1814 609 89

238 622 420 667 Ἀθηναῖοι,
449 623 609 667 βοήθειαν
637 625 708 658 τοῖς
739 624 937 669 Καρδιανοῖς
964 625 1130 669 ἔπεμψεν.
1181 623 1235 669 ἐφ’
1260 621 1310 659 οἷς
1337 623 1570 669 ἀγανακτήσας
1598 620 1641 655 fd
1670 628 1749 657 Διο-

238 687 366 730 πείθης,
387 689 448 720 τοῦ
471 688 642 721 Φιλίππου
667 689 745 733 περὶ
770 688 830 731 τὴν
854 690 1068 732 ἕμεσόγειαν
1091 689 1152 732 τὴν
1178 688 1245 722 ἅνω
1266 687 1398 733 Θρᾴκην
1416 689 1648 731 πολεμοῦντος
1667 689 1753 733 πρὸς

238 751 298 784 τὸν
322 749 502 795 Ὀδρυσῶν
526 750 687 791 βασιλέα,
717 751 776 794 τὴν
803 751 971 796 παράλιον
1000 751 1133 796 Θρᾴκην
1161 751 1307 795 ὑπήκοον
1335 750 1442 785 οὖσαν
1470 753 1530 785 τοῦ
1560 751 1780 794 Μακεδόνος5

239 814 422 860 κατέδραμε
453 815 506 848 καὶ
535 811 736 858 1ὶέπόρθησε
770 815 823 847 καὶ
855 815 957 858 ἔφθη,
987 816 1066 859 πρὶν
1094 814 1265 849 Φίλιππον
1295 815 1501 855 ἐπανελθεῖν,
1531 814 1753 859 ἀναχωρήσας

239 878 286 912 εἷς
307 878 367 920 τὴν
385 879 601 923 Χερρόνησον
626 879 678 911 καὶ
705 878 740 911 ἐν
760 875 932 922 ἰἀσφαλεῖ
949 880 1138 923 γενόμενος.
1178 879 1295 923 διόπερ
1315 879 1332 910 ὁ
1352 878 1522 913 Φίλιππος
1543 879 1582 911 οὐ
1602 878 1754 921 δυνηθεὶς

239 940 360 977 ὅπλοις
388 942 490 976 αὐτὸν
518 940 709 986 ἀμύνασθαι
737 943 919 986 πέπομφεν
948 942 1136 985 ἐπιστολὴν
1160 943 1245 987 πρὸς
1272 942 1350 977 τοὺς
1374 940 1581 985 Ἀθηναίους,
1607 957 1748 988 κατηγο·
1768 952 1804 972 10

237 1009 306 1051 ρῶν
337 1009 399 1040 τοῦ
433 1008 627 1051 στρατηγοῦ
661 1007 713 1039 καὶ
749 1007 859 1052 λέγων
891 1006 994 1039 αὐτὸν
1025 1006 1296 1050 παραβεβηκέναι
1329 1006 1390 1049 τὴν
1420 1004 1551 1050 εἰρήνην
1583 1005 1749 1051 ἄντικρυς.

238 1070 292 1102 καὶ
314 1070 346 1102 οἵ
372 1070 632 1114 φιλιππίζοντες
654 1072 721 1102 τῶν
745 1069 895 1114 ῥητόρων
923 1068 1172 1114 κατατρέχουσι
1196 1071 1257 1102 τοῦ
1285 1069 1496 1108 Διοπείθους,
1522 1070 1575 1103 καὶ
1601 1070 1753 1112 κολάζειν

238 1133 394 1178 ἀξιοῦσιν
413 1134 526 1167 αὐτόν.
565 1134 651 1178 πρὸς
670 1130 729 1168 οὓς
751 1135 769 1166 ὁ
790 1134 1008 1177 Δημοσθένης
1029 1131 1281 1176 ἐναντιούμενος
1304 1133 1381 1177 διχῇ
1406 1132 1490 1177 ὑπὲρ
1510 1130 1596 1166 ι(τοῦ
1616 1133 1751 1167 Διοπεί-
1768 1145 1802 1175 15

239 1197 319 1232 θους
345 1196 494 1232 ἵσταται,
539 1199 616 1231 οὕτε
641 1198 707 1243 γὰρ
732 1197 828 1231 ἄδικά
854 1198 963 1242 φησιν
989 1197 1090 1230 αὐτὸν
1115 1195 1328 1240 πεποιηκέναι
1356 1196 1547 1243 (Φιλίππου
1571 1196 1637 1241 γὰρ
1662 1197 1754 1231 πολὺ

238 1257 426 1307 1πρότερον
454 1262 669 1306 παραβάντος
696 1262 756 1305 τὴν
785 1261 916 1307 εἰρήνην
944 1263 996 1295 καὶ
1024 1261 1218 1296 ἀδικοῦντος
1246 1262 1306 1304 τὴν
1334 1265 1401 1295 τῶν
1425 1259 1609 1304 Ἀθηναίων
1636 1263 1751 1303 πόλιν,

238 1326 373 1361 εἰκότως
406 1327 458 1359 καὶ
495 1328 616 1359 τοῦτον
648 1326 730 1371 ἔργα
761 1323 969 1368 ωπολεμίου
1001 1325 1283 1370 διαπράττεσθαι)
1321 1326 1399 1357 οὔτε
1437 1324 1627 1370 συμφέρειν
1658 1326 1753 1371 λέγει

237 1391 310 1426 τοῖς
337 1389 525 1434 Ἀθηναίοις
555 1390 699 1423 κολάσαι
727 1390 787 1423 τὸν
816 1389 1010 1434 στρατηγὸν
1039 1389 1092 1422 καὶ
1120 1389 1280 1422 διαλῦσαι
1309 1388 1369 1431 τὴν
1397 1386 1452 1421 ὑπ’
1476 1388 1623 1435 Πέκείνῳ
1652 1388 1750 1423 δύνα-
1766 1403 1805 1424 20
1880 1407 1882 1415 ·

237 1470 306 1499 μιν,
328 1455 399 1499 ἥτις
419 1457 477 1489 νῦν
496 1453 719 1500 ἀποκρούεται
741 1453 960 1500 Χερρονήσου
980 1454 1161 1487 Φίλιππον.
1202 1453 1241 1486 τὸ
1265 1453 1301 1487 δὲ
1327 1452 1409 1486 ὅλον
1434 1453 1488 1486 ἐπὶ
1513 1454 1666 1497 πόλεμον
1690 1468 1754 1488 πα-

237 1521 388 1565 ρακαλεῖ,
418 1519 470 1553 καὶ
500 1520 560 1552 τοῦ
589 1519 760 1552 Φιλίππου
790 1518 956 1562 οπολλὴν
983 1519 1128 1551 ποιεῖται
1161 1517 1362 1562 κατηγορίαν
1392 1516 1436 1551 ὡς
1462 1515 1578 1551 ἀδίκου
1607 1519 1659 1552 καὶ
1686 1533 1751 1553 πα-

237 1583 432 1628 ρασπόνδου
452 1583 505 1617 καὶ
523 1584 594 1617 τοῖς
611 1580 800 1625 Ἀθηναίοις
818 1582 871 1615 καὶ
890 1583 961 1617 τοῖς
975 1581 1146 1624 ’Ἓλλησιν
1166 1579 1463 1622 ἐπιβουλεύοντος.

236 1782 314 1831 Ρέν
340 1783 446 1844 ὑμῖν
475 1780 592 1845 μήτε
622 1779 740 1847 πρὸς
771 1781 945 1848 ἔχθραν
969 1784 1204 1831 ποιεῖσθαι
1240 1778 1387 1844 λόγον
1425 1780 1601 1844 μηδένα
1637 1778 1753 1843 μήτε

234 1863 353 1931 πρὸς
392 1864 544 1932 χάριν,
584 1866 697 1914 ἀλλ’
739 1863 763 1915 ὃ
805 1863 1064 1924 βέλτιστον
1109 1863 1307 1916 ἕκαστος
1351 1864 1555 1928 (Ᾱήγεῖτο,
1595 1863 1750 1913 Γτοῦτ’

234 1947 599 2015 ἀποφαίνεσθαι,
649 1946 813 2000 ἄλλως
861 1969 911 1996 τε
962 1950 1038 1996 καὶ
1086 1948 1192 2011 περὶ
1242 1950 1409 1996 κοινῶν
1457 1945 1781 2012 πραγμάτων5

234 2032 309 2081 καὶ
358 2030 582 2096 μεγάλων
628 2031 756 2093 ὑμῶν
799 2029 1168 2093 βουλευομένων·
1224 2029 1410 2094 Ξέπειδὴ
1455 2031 1494 2081 δ’
1537 2030 1646 2081 ε”νιοι
1691 2029 1752 2080 τὰ

233 2114 317 2177 μὲν
346 2114 644 2182 ἵφιλονεικίᾳ,
675 2112 735 2163 τὰ
768 2115 804 2163 δ’
835 2112 1120 2181 ᾑτινιδήποτ’
1149 2115 1272 2182 αἰτίᾳ
1308 2113 1598 2180 προάγονται
1632 2115 1745 2179 λε’γ·

233 2221 313 2260 ειν,
353 2199 482 2261 ὑμᾶς,
521 2195 558 2247 ὦ
597 2196 759 2263 ἄνδρες
799 2201 1053 2261 Ἀθηναῖοι,
1093 2197 1200 2252 τοὺς
1237 2197 1450 2251 πολλοὺς
1489 2201 1560 2248 δεῖ
1596 2197 1752 2249 πάντα

714 2279 732 2297 ελ

233 2282 372 2332 τᾶλλ’
412 2281 668 2348 1Ᾰόιφέντας,
708 2303 738 2329 α
778 2284 835 2346 τῇ
879 2279 1018 2331 πόλει
1071 2282 1274 2347 νομίζετε
1319 2280 1592 2348 συμφέρειν,
1632 2287 1744 2332 ταῦ-

233 2387 292 2415 τα
335 2368 410 2415 καὶ
454 2363 751 2432 ψηφίζεσθαι
801 2366 875 2413 καὶ
926 2365 1163 2430 πράττειν.
1231 2365 1258 2427 ἡ
1307 2365 1391 2428 μὲν
1437 2365 1519 2415 οὖν
1563 2364 1750 2429 σπουδὴ
1767 2394 1803 2416 10
1841 2398 1847 2438 3

287 2547 306 2575 b
328 2550 502 2596 ἐπολέμει]
527 2550 721 2594 ἐπολέμησε
741 2551 782 2584 Y.
872 2555 888 2574 ⁰
908 2551 960 2584 καὶ
981 2549 1033 2595 ὃς]
1057 2549 1093 2585 ὃς
1113 2551 1166 2583 καὶ
1184 2550 1226 2584 Y.
1326 2545 1344 2573 (Ῑ
1365 2549 1414 2595 τι]
1438 2564 1477 2594 γε
1497 2549 1541 2583 Y.
1633 2554 1649 2573 Ε
1669 2548 1749 2583 τοὺ-

232 2604 317 2650 των]
342 2606 464 2637 τοῦτον
483 2603 600 2637 O.u.v.
700 2601 715 2627 f
730 2605 748 2635 ὁ
768 2616 836 2637 om.
854 2604 896 2637 Y.
985 2609 1005 2636 g
1024 2603 1224 2648 μεσόγειαν]
1248 2601 1432 2648 μεσόγείαν
1452 2602 1582 2648 duplici
1602 2608 1751 2636 accentu

235 2657 276 2690 B.
325 2657 548 2691 Scribebatur
567 2655 763 2702 μεσογεῖαν.
870 2654 891 2681 h
911 2657 1081 2703 ἐπόρθησε
1102 2657 1154 2690 καὶ
1173 2656 1280 2702 ἔφθη]
1306 2655 1498 2700 ἐπόρθησεν
1517 2656 1689 2699 αἰφνίδιον
1709 2655 1751 2689 Β.

235 2710 349 2754 (cujus
375 2722 496 2756 margo
515 2725 571 2756 γρ.
597 2711 649 2744 καὶ
671 2710 776 2755 ἔφθη)
798 2710 964 2745 F.O.u.V.
1131 2707 1141 2734 i
1167 2709 1323 2755 ἀσφαλεῖ
1345 2709 1388 2742 Y.
1427 2708 1606 2754 ἀσφαλείᾳ
1630 2709 1750 2754 vulgo.

234 2760 254 2787 k
275 2766 335 2797 τοῦ
356 2764 515 2797 additum
535 2775 578 2797 ex
597 2764 640 2798 Y.
734 2760 744 2788 Ῑ
763 2763 946 2809 πρότερον]
969 2763 1138 2808 προτέρου
1156 2763 1199 2796 Y.
1285 2768 1315 2787 ¹1¹
1334 2760 1517 2808 πολεμίου]
1538 2762 1691 2806 πολέμου
1711 2761 1750 2795 F.

234 2821 254 2840 ¹¹
275 2816 386 2851 ἐκείνω
407 2817 450 2851 Ο.
500 2817 699 2862 Legebatur
719 2817 856 2851 ἐκείνου.
979 2822 997 2841 0
1017 2816 1152 2859 πολλὴν
1173 2817 1317 2850 ποιεῖται
1338 2815 1424 2850 F.Y.
1453 2816 1599 2849 ποιεῖται
1617 2814 1752 2858 πολλὴν

233 2869 351 2914 vulgo.
516 2875 535 2903 P
559 2871 594 2904 ἐν
620 2870 697 2914 ὑμῖν
716 2882 785 2904 om.
809 2871 844 2904 S.
868 2876 903 2904 et
924 2870 1038 2904 Rufus
1063 2870 1098 2903 in
1117 2870 1241 2903 Walzii
1266 2869 1371 2903 Rhet.
1392 2869 1461 2902 vol.
1481 2878 1518 2914 3.
1544 2880 1580 2913 p.
1602 2876 1694 2914 451,
1713 2877 1749 2913 3.

235 2927 254 2953 q
274 2921 404 2968 ἡγεῖτο]
430 2923 546 2968 ἡγοῖτο
567 2923 754 2958 Dobraeus.
875 2929 890 2948 Γ
909 2922 1019 2969 τοῦτ’]
1045 2923 1097 2957 καὶ
1117 2937 1218 2957 τουτο
1240 2922 1283 2956 O.
1312 2920 1406 2956 ταῦτ’
1427 2921 1467 2955 F.
1580 2926 1595 2946 ⁵
1615 2920 1746 2966 ἐπειδὴ]

234 2974 307 3008 ἐπεὶ
329 2975 363 3008 S.
458 2975 472 3000 t
492 2976 700 3022 φιλονεικίᾳ]
723 2976 896 3021 φιλονικία
918 2976 961 3010 Ο.
1057 2982 1077 3000 ¹¹
1098 2974 1262 3021 ἀφέντας]
1286 2974 1479 3020 ἀφελόντας
1500 2974 1535 3009 S.
