1882 3250
18 198 134 252 58‚9.
556 202 682 238 ΠΕΡΙ
714 202 823 237 ΤΗΣ
857 201 1117 237 ΕΙΡΗΝΗΣ,
1537 195 1592 235 63

80 310 224 360 ἄλλοι
272 309 443 364 πάντες
494 311 731 376 ἄνθρωποι
782 308 875 373 πρὸ
920 314 1015 358 τῶν
1065 306 1358 373 πραγμάτων
1400 307 1594 357 εἰώθασι

81 396 289 460 χρῆσθαι
331 397 397 461 τῷ
437 392 765 453 βουλεύεσθαι,
811 394 935 453 ὑμεῖς
973 390 1021 441 δὲ
1064 389 1183 453 μετὰ
1226 388 1285 438 τὰ
1318 388 1589 454 πράγματα.

80 477 129 525 ἐκ
162 475 210 525 δὲ
245 475 410 525 τούτου
437 477 686 537 συμβαίνει
725 474 889 539 Ρπαριῗι
923 474 1078 524 πάντα
1116 471 1199 522 τὸν
1232 471 1404 537 χρόνον
1431 470 1483 521 ὃν
1510 469 1591 521 οἶδ’

81 557 186 622 ἐγὼ,
221 557 303 607 τὸν
339 557 424 620 μὲν
464 557 530 610 οἷς
580 557 669 606 ί’σ’ἶν
712 557 980 622 Γάμάρτητε
1021 558 1303 617 ἐπιτιμῶντα
1340 555 1594 616 εὐδοκιμεῖν

82 643 156 690 καὶ
202 644 350 690 δοκεῖν
401 641 480 690 Ξεῦ
531 640 698 705 λέγειν,
744 639 804 689 τὰ
853 638 902 688 δὲ
946 638 1204 704 πράγματα
1254 639 1342 686 καῖ’
1378 639 1484 701 περὶ
1528 634 1642 690 ῶνιὸ

45 723 367 784 3βουλεύεσθε
417 723 657 791 ἐκφεύγειν
707 724 871 784 ἵὺμᾶς.
936 722 1029 771 “οὐ
1080 719 1173 783 μὴν
1213 718 1343 769 ἀλλὰ
1394 719 1594 783 Χκαίπερ

83 805 260 856 τούτων
286 808 431 858 οὕτως
470 805 672 871 ἐχόντων
698 813 714 839 y
733 805 885 867 οἴομαι
921 806 995 854 καὶ
1020 801 1248 855 πεπεικὼς
1284 801 1483 863 ἐμαυτὸν
1508 803 1590 851 ἀν-

83 887 270 950 έστηκα,
299 886 355 936 ἂν
392 885 645 949 ἐθελήσητε
687 891 766 935 τοῦ
805 890 1022 950 θορυβεῖν
1061 887 1135 934 καὶ
1166 888 1446 951 φιλονεικεῖν
1472 885 1590 933 ἀπο-

83 968 279 1021 στάντες
317 969 512 1027 ἀκούειν,
540 971 601 1020 ὡς
638 967 752 1033 ὑπὲρ
788 966 972 1019 πόλεως
1012 966 1366 1029 βουλευομένοις
1399 967 1475 1015 καὶ
1515 987 1596 1027 τη-

83 1051 311 1101 λικούτων
360 1051 652 1115 πραγμάτων
703 1049 950 1115 προσήκει,
996 1050 1151 1116 Ζὲξειν
1201 1051 1276 1098 καὶ
1327 1049 1479 1113 λέγειν
1518 1050 1647 1097 καὶῖο

83 1133 424 1196 συμβουλεύειν
462 1137 547 1183 ὃδι’
592 1131 656 1182 ῶν
695 1135 768 1182 καὶ
807 1132 866 1182 τὰ
903 1131 1094 1197 παρόντ’
1131 1132 1265 1180 ἔσται
1302 1132 1477 1191 βελτίω
1519 1133 1595 1180 καὶ

84 1215 143 1265 τὰ
167 1214 449 1280 ἱ’προειμένα
475 1213 761 1277 σωθήσεται.

4 1364 6 1378 .
49 1322 77 1359 4
159 1299 394 1362 Ἀκριβῶς
430 1301 467 1346 δ’
494 1296 639 1354 εἰδὼς,
668 1295 704 1345 ῶ
730 1296 894 1361 ἄνδρες
929 1298 1190 1359 Ἀθηναῖοι,
1223 1295 1275 1346 τὸ
1304 1296 1457 1360 λε’γειν
1491 1298 1597 1360 περὶ

86 1379 150 1431 ῶν
176 1380 312 1432 αὐτὸς
339 1379 445 1430 εἶπέ
461 1403 528 1432 τις·
555 1382 629 1429 καὶ
655 1382 760 1443 περὶ
788 1381 928 1429 αὑτοῦ
955 1383 1060 1443 παρ’
1094 1381 1199 1440 ὑμῖν
1226 1387 1241 1405 ⁰
1259 1381 1327 1428 ἀεὶ
1354 1383 1448 1428 τῶν
1473 1378 1598 1429 πάνυ

87 1464 463 1514 λυσιτελούντων
490 1467 582 1515 τοῖς
610 1468 854 1523 τολμῶσιν
884 1460 948 1522 ὃν,
972 1465 1117 1515 οὕτως
1144 1463 1343 1527 ἡγοῦμαι
1372 1461 1596 1529 φορτικὸν
1610 1487 1646 1516 25

87 1630 252 1695 νομίζω
280 1633 320 1679 δ’
348 1629 533 1692 ἄμεινον
559 1627 616 1678 ἂν
644 1630 760 1691 ὑμᾶς
786 1630 890 1693 περὶ
917 1626 980 1677 ῶν
1007 1626 1024 1653 ‘¹
1043 1633 1124 1678 νῦν
1150 1630 1238 1693 ε’ρῶ
1265 1633 1428 1693 κρῖναι,
1454 1626 1596 1691 μικρὰ
1609 1634 1663 1686 58

87 1717 180 1763 τῶν
217 1712 444 1778 πρότερόν
484 1734 598 1762 ποτε
638 1711 872 1776 ῥηθέντων
909 1712 982 1761 ὑπ’
1016 1713 1127 1772 ἐμοῦ
1164 1709 1593 1773 μνημονεύσαντας.

48 1795 176 1860 5ἐγὼ
201 1796 313 1861 γὰρ,
345 1793 381 1845 ῶ
407 1796 568 1859 ἄνδρες
604 1796 861 1857 Ἀθηναῖοι,
892 1798 1079 1858 πρῶτον
1115 1792 1213 1855 μὲν,
1240 1793 1354 1855 ἡνίκ’
1382 1792 1598 1842 θὲπειθόν

87 1877 234 1931 Ῐτινες
274 1880 389 1940 ὑμᾶς
427 1882 520 1927 τῶν
554 1879 641 1926 ἓέν
667 1877 847 1943 Εὐβοίᾳ
884 1875 902 1908 ¹¹
921 1875 1215 1940 πραγμάτων
1240 1874 1626 1939 ταραττομένων5

86 1965 274 2023 βοηθεῖν
302 1959 601 2026 Πλουτάρχῳ
640 1960 715 2008 καὶ
748 1958 959 2019 πόλεμον
996 1956 1197 2024 ἰἄδοξον
1228 1959 1302 2006 καὶ
1329 1957 1598 2022 δαπανηρὸν

87 2044 306 2109 ἅρασθαι,
356 2042 578 2107 1(πρῶτος
629 2043 703 2090 καὶ
754 2040 895 2102 μόνος
951 2038 1204 2104 παρελθὼν
1256 2042 1472 2089 ἀντεῖπον
1523 2040 1598 2088 καὶ

85 2125 227 2189 μόνον
253 2127 306 2176 οὐ
333 2124 631 2187 διεσπάσθην
660 2123 747 2173 ὑπὸ
773 2128 867 2173 τῶν
900 2125 974 2173 ἐπὶ
1009 2128 1186 2187 μικροῖς
1224 2122 1444 2185 λήμμασι
1478 2131 1598 2172 πολ-

86 2207 152 2257 λὰ
189 2210 263 2258 καὶ
300 2207 489 2272 μεγάλα
532 2205 840 2271 1ἁμαρτάνειν
882 2208 998 2268 ὑμᾶς
1034 2205 1316 2255 πεισάντων·
1361 2207 1436 2254 καὶ
1479 2204 1593 2271 χρό-

141 2380 161 2408 P
179 2376 269 2420 παρὰ
288 2376 397 2408 πάντα
416 2374 492 2420 τὸν]
517 2375 576 2407 τὸν
595 2375 702 2407 πάντα
724 2374 842 2407 O.u.v.
996 2380 1015 2407 (ι
1034 2371 1075 2405 ἂν
1095 2384 1163 2405 οιιι.
1188 2372 1223 2404 S.
1373 2378 1387 2396 Γ
1406 2370 1593 2418 ἁμάρτητε]

88 2459 301 2505 ἁμαρτὴσητε
322 2461 363 2495 Β.
475 2466 489 2484 S
510 2459 546 2493 εὖ
560 2459 692 2504 λέγειν]
717 2460 871 2504 εὐλογεῖν
890 2472 941 2504 pr.
965 2459 999 2491 S.
1111 2459 1120 2479 t
1142 2457 1243 2502 ὑμᾶς]
1269 2456 1352 2499 ἡμᾶς
1371 2469 1423 2501 pr.
1448 2457 1483 2490 S.
1514 2433 1600 2500 Ζμᾶς

90 2512 174 2547 B.F.
269 2519 290 2537 Π
310 2514 349 2546 οὐ
368 2514 433 2556 μὴν
452 2513 559 2558 ἀλλὰ]
583 2512 674 2545 ἀλλὰ
693 2513 758 2555 μὴν
775 2512 816 2545 Y.
914 2517 933 2535 X
954 2509 1088 2554 καίπερ]
1114 2511 1166 2542 καὶ
1185 2510 1263 2553 περὶ
1281 2521 1332 2553 pr.
1357 2509 1393 2543 S.
1488 2515 1507 2542 y
1527 2508 1596 2542 οἵο-

89 2579 146 2608 μαι
168 2566 202 2599 S.
233 2566 431 2611 Legebatur
450 2562 553 2608 οἶμαι.
650 2572 665 2589 Ζ
686 2564 790 2608 ἕξειν]
817 2564 939 2607 ἐξεῖναι
958 2575 1027 2596 rec.
1050 2568 1227 2595 correctus
1249 2563 1284 2594 S.
1374 2567 1392 2585 a
1412 2561 1472 2606 δι’]
1498 2561 1536 2604 ἐξ
1556 2562 1597 2594 Y.

91 2615 107 2638 ι)
133 2618 328 2663 προειμένα]
366 2631 589 2662 προειρημενα
620 2622 795 2650 correctus
827 2617 860 2649 S.
893 2616 952 2661 qui
979 2627 1077 2659 a·p1·.
1110 2626 1154 2648 m.
1188 2613 1413 2657 προεισέμενα
1435 2613 1599 2646 habuisse

89 2669 235 2711 videtur,
260 2670 354 2715 quod
380 2671 416 2703 in
442 2670 518 2703 cod.
546 2669 646 2702 Harl.
673 2669 812 2713 legitur.
863 2669 954 2701 Nam
980 2668 1028 2700 sic
1056 2671 1244 2710 supersunt
1268 2665 1447 2698 literarum
1473 2665 1600 2700 ductus

90 2722 294 2766 προεί.μενα,
317 2723 417 2756 litera
437 2734 507 2755 una
527 2722 704 2754 duabusve
732 2721 823 2753 inter
848 2735 858 2753 ι
882 2726 916 2753 et
935 2735 959 2762 μ
979 2719 1119 2764 penitus
1140 2717 1344 2751 obliteratis.
1486 2722 1499 2738 ⁶
1527 2717 1595 2764 ἀεὶ]

90 2773 153 2807 αἰεὶ
173 2775 209 2809 S.
333 2772 353 2800 (l
373 2777 430 2808 νῦν
450 2786 519 2807 om.
541 2774 629 2807 A.Y.
757 2778 772 2796 θ
792 2772 941 2817 ἔπειθόν]
967 2772 1083 2805 ἐπιθον
1105 2771 1139 2803 S.
1261 2767 1276 2793 f
1290 2783 1378 2803 τινες
1397 2781 1467 2803 om.
1489 2781 1541 2814 pr.
1564 2772 1599 2805 S.

90 2830 111 2858 8
130 2825 165 2859 ἐν
183 2838 252 2861 om.
274 2839 309 2861 u.
404 2824 425 2850 h
444 2840 572 2871 πραγμ.
594 2839 733 2870 ταραττ.
752 2825 884 2858 A.S.Y.
914 2838 1051 2868 ταραττ.
1072 2837 1199 2867 πραγμ.
1222 2822 1338 2866 vulgo.
1429 2820 1434 2842 i
1454 2821 1596 2869 ἄδοξον]

90 2878 142 2930 ¹qu
160 2879 282 2924 ἄδοξον
303 2880 338 2913 S.
476 2876 495 2902 k
516 2881 650 2923 πρῶτος
669 2878 721 2911 καὶ
739 2876 858 2922 μόνος]
879 2877 981 2920 μόνος
1000 2877 1053 2910 καὶ
1071 2876 1174 2920 μόνος
1195 2875 1230 2909 S.
1374 2874 1380 2896 ¹
1401 2873 1602 2919 ἁμαρτάνειν

3 1382 8 1469 ἒ

4 1473 9 1551 ἰ

4 1552 9 1633 Ι
86 1550 160 1597 καὶ
203 1545 400 1612 ἐπαχθὲς
445 1544 570 1595 ὥστε
615 1544 824 1609 ἀνάγκην
869 1545 1017 1594 οὖσαν
1061 1547 1183 1610 ὁρῶν
1225 1544 1349 1606 ὅμως
1393 1546 1595 1594 ἀποκνῶ.

5 1635 9 1712 Ξ

6 1752 12 1972 ι

7 1973 13 2178 ἓ

14 2794 19 2994 Ι
91 2956 173 3000 ὑμᾶς
194 2958 231 2993 S.
262 2957 461 3003 Legebatur
482 2957 565 3001 ὑμᾶς
583 2956 794 3001 ἁμαρτάνειν.

17 3028 20 3050 Ι

17 3060 21 3198 ἱ

18 3220 22 3250 Ι
