1903 3271
262 182 347 221 388
812 183 1240 222 ΔΗΜΟΣΘΕΝΟΎΣ
1364 181 1446 219 On.
1471 179 1608 219 XIX.
1631 193 1673 234 p.
1689 180 1786 233 369,
1802 194 1843 220 23

262 294 496 359 κρείττοσι
533 292 721 359 τάγαθὰ
754 292 926 347 πάντες
965 293 1218 356 κέκτηνται,
1246 293 1274 355 ἡ
1306 291 1389 355 μὲν
1414 292 1613 358 ἡμετέρα
1649 314 1773 358 πρα-

261 381 399 428 θεῖσα
446 375 537 427 ὑπὸ
581 376 759 427 τούτων
800 375 1024 427 ἀπόλωλε
1066 377 1141 425 καὶ
1185 375 1376 440 γέγονεν
1413 374 1628 439 ἀσθενὴς,
1669 375 1697 438 ἡ
1738 376 1776 426 δ’

261 468 281 487 '¹
297 461 470 511 ἐκείνου
496 459 681 526 φοβερὰ
707 462 782 510 καὶ
808 467 827 494 y
843 459 1008 525 μείζων
1031 463 1220 527 πολλῷ.
1263 460 1316 509 οὐ
1343 458 1398 523 δὴ
1425 460 1600 510 δίκαιον
1625 457 1779 526 ἐκείνῳ
1792 480 1831 512 25

262 544 346 606 μὲν
384 544 643 611 Ζάμφότεῤ
673 543 910 611 ηὐξῆσθαι
948 541 1023 592 διὰ
1055 542 1259 604 τούτους,
1287 545 1361 592 καὶ
1399 542 1458 593 τὰ
1495 547 1589 593 τῶν
1626 548 1779 605 εισυμ-

583 625 601 652 b
1698 623 1755 651 d*

261 627 429 694 μάχων
468 630 543 677 καὶ
619 625 679 676 τὰ
719 631 813 676 τῶν
857 624 1122 692 προσόδων,
1163 624 1215 676 οᾶ
1254 627 1291 677 δ’
1333 628 1439 690 ὑμῖν
1479 627 1663 680 δικαίως
1726 648 1784 675 αν

262 710 502 774 εὑπῆρχεν
541 710 590 758 ἐκ
625 711 708 771 τῆς
746 708 938 774 εἰρήνης,
977 709 1104 758 ταῦτ’
1133 710 1235 759 ἀνθ’
1271 706 1335 759 ὧν
1370 708 1597 759 ἀπέδοντο
1628 707 1784 758 fabro?

263 792 553 857 λογίζεσθαι.
597 793 651 841 οὐ
683 791 776 857 γὰρ
807 793 932 842 ταῦτ’
961 793 1058 842 ἀντ’
1087 792 1270 842 ἐκείνων
1294 792 1500 856 γέγονεν,
1527 790 1629 842 οὐδὲ
1653 797 1778 841 πολ·
1794 805 1846 851 37

262 881 351 926 λοῦ
390 879 469 936 δεῖ,
496 874 627 925 ἀλλὰ
662 880 809 925 ταῦτα
844 874 929 938 μὲν
962 874 1020 939 ἦν
1054 873 1139 925 ἕᾶν
1170 876 1338 938 ὁμοίως
1377 874 1530 938 ὴὴμῖν,
1556 877 1703 925 ἐκεῖνα
1737 872 1785 925 δὲ

262 959 443 1013 τούτοις
469 958 526 1010 ἂν
551 962 753 1026 προσῆν,
780 963 817 1010 εἰ
843 959 908 1023 μὴ
936 959 1011 1010 διὰ
1036 959 1240 1012 τούτους.

171 1054 248 1096 ¹03
330 1042 500 1097 ΓὈλως
537 1044 589 1106 δ’,
616 1041 653 1093 ὦ
685 1044 848 1109 ἄνδρες
882 1045 1137 1107 Ἀθηναῖοι,
1167 1041 1359 1093 ἰδίκαιον
1385 1041 1534 1106 δήπου
1567 1040 1783 1110 1’φήσαιτ’

1649 1123 1671 1151 1<

272 1126 290 1145 ,x
377 1125 396 1146 ’ς
553 1126 564 1142 t
597 1127 606 1142 ³
686 1130 695 1144 9
881 1125 893 1143 x
993 1128 1006 1144 x
1151 1124 1163 1142 x
1244 1125 1256 1143 x
1564 1125 1573 1139 t
1605 1126 1614 1141 s
1695 1126 1705 1141 2
1769 1126 1783 1143 x
1869 1110 1875 1119 '

263 1150 320 1177 αν
355 1150 469 1177 ειναι
501 1149 624 1190 μητ,
660 1149 698 1176 ει
733 1134 900 1177 πολλα
933 1149 1008 1176 και
1045 1129 1170 1176 δεινα
1203 1149 1263 1176 τα
1296 1131 1606 1190 συμβεβηκοτ
1683 1145 1814 1176 εστιε
1876 1149 1887 1181 a·

263 1213 321 1276 τῇ
359 1207 511 1271 πόλει,
544 1208 741 1273 μηδενὸς
780 1211 817 1259 δ’
856 1210 1087 1275 Αἰσχίνης
1121 1209 1265 1262 α’ίτιος
1303 1209 1495 1271 τούτων,
1523 1213 1584 1262 εἷς
1622 1214 1787 1260 τοῦτον

265 1295 418 1344 ἐλθεῖν
456 1292 542 1357 τὴν
579 1292 738 1359 ὀργὴν,
772 1292 874 1357 μήτ’
910 1293 952 1344 εἴ
986 1315 1030 1343 τι
1068 1298 1162 1343 τῶν
1198 1293 1396 1344 δεόντων
1429 1294 1692 1359 πέπρακται
1730 1294 1784 1344 δι’

610 1375 622 1402 1

265 1377 420 1427 ἄλλον
455 1376 573 1439 τινὰ,
642 1382 778 1427 τοῦτο
812 1381 973 1427 σῶσαι
1012 1378 1256 1427 ΠΙτουτονί·
1301 1379 1412 1427 ἀλλ’
1452 1377 1617 1428 ΙΠὸσων
1655 1376 1789 1430 οὗτος

266 1461 408 1514 αἴτιος
457 1459 753 1528 σκεψάμενοι
800 1462 875 1511 καὶ
926 1459 1077 1527 χάριν,
1119 1459 1177 1510 ἂν
1217 1461 1387 1524 ταύτης
1438 1460 1568 1529 ἄξιος
1618 1458 1662 1528 ᾗ,
1712 1461 1789 1510 καὶ

266 1545 536 1595 τούναντίον
586 1544 746 1610 ὀργὴν,
797 1543 853 1594 ἂν
912 1551 1140 1594 0τοιαῦτα
1202 1551 1221 1579 P
1237 1546 1471 1611 φαίνηται,
1522 1547 1780 1594 Ἷποιεῖσθε.
1803 1565 1870 1591 ιοῐ

173 1633 367 1689 Ιο4πῶς
406 1630 486 1679 οὖν
524 1629 773 1694 Γεὺρήσετε
812 1634 959 1679 ταῦτα
1000 1630 1215 1688 δικαίως;
1257 1627 1368 1678 ἓέἀν
1407 1626 1472 1691 μὴ
1512 1626 1650 1678 πάνθ’
1693 1627 1792 1690 ἅμα

265 1704 280 1729 t
297 1715 398 1763 ε’ἇτε
437 1720 458 1738 “
475 1711 719 1778 ταράττειν
763 1710 919 1775 αὐτὸν,
956 1711 1015 1762 τὰ
1054 1716 1148 1762 τῶν
1189 1715 1473 1776 στρατηγῶν
1513 1710 1789 1774 ἀδικήματα,

265 1796 347 1847 τὸν
372 1795 584 1858 πόλεμον
609 1794 691 1846 τὸν
716 1794 835 1861 πρὸς
869 1795 1124 1856 Φίλιππον,
1151 1793 1275 1845 τάπὸ
1301 1797 1384 1857 τῆς
1410 1793 1591 1860 εἰρήνης
1616 1793 1787 1859 ἀγαθὰ,

266 1882 376 1931 ἀλλ’
417 1881 620 1930 ’ἕκαστον
657 1882 728 1947 ἐφ’
767 1881 932 1930 ἑαυτοῦ
972 1883 1234 1942 νσκοπῆτε.
1278 1877 1375 1929 οἷον
1414 1878 1472 1942 ἧν
1510 1879 1655 1942 Χὴμῖν
1691 1878 1840 1932 πό-15
1901 1925 1903 1935 .

266 1971 410 2028 λεμος
447 1964 566 2030 πρὸς
599 1965 874 2023 Φίλιππον;
915 1962 985 2027 ἧν.
1026 1963 1204 2013 ἐνταῦθ’
1233 1965 1426 2028 ἐγκαλεῖ
1454 1985 1524 2016 τις
1550 1962 1788 2030 Αἰσχίνῃ,

266 2048 496 2109 βούλεταί
524 2071 593 2101 τις
619 2046 786 2098 τούτου
822 2051 1096 2112 κατηγορεῖν
1121 2048 1226 2112 περὶ
1262 2050 1356 2096 τῶν
1394 2047 1442 2096 ἐν
1472 2050 1564 2115 ’·”τῷ
1595 2046 1792 2115 πολέμῳ

178 2150 252 2192 105
267 2131 603 2198 πραχθέντων,
648 2128 751 2180 οὐδὲ
792 2128 870 2182 εἷς.
913 2131 1079 2180 οὐκοῦν
1122 2133 1228 2194 περὶ
1265 2128 1476 2180 Ζτούτων
1520 2137 1606 2194 ’”*γε
1652 2131 1786 2198 ἀφεῖ-

322 2329 342 2347 X
363 2322 508 2367 ἐκείνου]
533 2302 665 2356 ἐκείνὲιιν
686 2320 775 2355 FO.
807 2320 920 2354 ἐκείνω
940 2327 1006 2355 t.u.
1165 2327 1183 2354 y
1212 2321 1349 2367 μείζων]
1373 2322 1473 2365 μείζω
1494 2333 1546 2366 pr.
1569 2321 1611 2355 A.
1634 2325 1669 2355 et
1688 2333 1740 2367 pr.
1761 2333 1789 2356 r.

269 2382 287 2401 Ζ
307 2376 486 2420 ἀμφότερα
506 2387 574 2409 om.
597 2388 624 2409 S.
723 2379 742 2398 a
763 2373 1206 2419 συμμάχων-προσόδων]
1231 2374 1657 2419 προσόδων-ξυμμάχων
1670 2375 1788 2410 A.k.S.

268 2425 288 2454 b
309 2430 350 2462 τὰ
370 2441 440 2463 om.
460 2441 513 2473 pr.
537 2428 582 2462 Ο.
682 2433 697 2452 0
717 2425 736 2461 ἃ
757 2425 786 2461 δ’
806 2427 883 2470 ὑμῖν
904 2428 987 2462 S.Y.
1016 2426 1036 2463 ἃ
1057 2426 1086 2461 δ’
1107 2427 1184 2470 ἡμῖν
1203 2442 1259 2473 γρ.
1283 2427 1321 2461 F.
1354 2428 1431 2471 ὑμῖν
1451 2428 1486 2461 δέ
1506 2425 1527 2461 ἃ
1545 2427 1688 2462 A.k.r.s.
1720 2427 1788 2462 Le-

270 2483 417 2528 gebatur
437 2481 513 2524 ἡμῖν
534 2481 562 2515 δ’
583 2480 616 2516 ἅ.
701 2477 719 2504 d
739 2477 779 2513 ἂν
799 2492 869 2514 om.
893 2480 936 2516 Y.
1027 2486 1040 2501 ⁸
1061 2480 1228 2526 ὑπῆρχεν]
1254 2481 1401 2525 ὑπῆρξεν
1421 2481 1568 2515 A.k.r.s.
1664 2477 1680 2505 f
1694 2481 1791 2515 αὐτοὶ

272 2535 354 2569 S.Y.
386 2534 479 2568 οὗτοι
498 2535 616 2580 vulgo.
727 2539 748 2566 g
767 2532 808 2566 ἂν
828 2534 968 2580 ὁμοίως]
993 2532 1158 2577 ἀνομοίως
1178 2534 1217 2567 F.
1312 2531 1331 2558 h
1353 2533 1448 2580 ἡμῖν]
1474 2533 1551 2577 ὑμῖν
1571 2546 1599 2568 S.
1709 2531 1719 2558 i
1739 2533 1789 2568 δί-

270 2588 380 2634 καιον]
406 2588 457 2621 καὶ
479 2587 606 2621 δίκαιον
626 2586 864 2621 F.Y.O.t.u.v.
993 2584 1005 2620 j
1027 2586 1188 2633 φήσαιτ’]
1213 2585 1338 2631 φήσετ’
1360 2588 1400 2621 Α.
1539 2583 1558 2611 k
1583 2587 1660 2621 ἐστὶ
1678 2587 1714 2621 in
1733 2601 1790 2633 γρ.

271 2657 360 2696 F.Q.
448 2657 452 2678 ¹
474 2656 594 2702 τοῦτο]
619 2648 736 2690 rosso-‘5'
762 2657 797 2690 k.
884 2662 913 2681 ¹¹¹
933 2657 1086 2702 τουτονί]
1112 2659 1232 2690 τοῦτον
1251 2657 1364 2691 A.k.s.
1464 2663 1483 2682 ¹¹
1504 2655 1614 2702 ὅσων]
1640 2655 1725 2690 ὅσον
1745 2656 1790 2691 Ο.

271 2716 289 2735 0
309 2710 466 2755 τοιαῦτα]
492 2712 598 2743 ταῦτα
617 2724 672 2754 γρ.
695 2710 779 2748 S.Q.
940 2718 957 2745 1¹
987 2710 1164 2755 φαίνηται]
1190 2710 1391 2755 [negebatur
1411 2710 1571 2754 φαίνηται
1590 2711 1790 2753 πεποιηκώς.

270 2764 460 2806 πεποιηκὼς
479 2775 549 2797 om.
571 2763 685 2796 A.k.s.
707 2763 743 2796 in
762 2777 818 2808 γρ.
839 2763 945 2797 habet
967 2763 1002 2797 S.
1159 2769 1177 2796 (i
1207 2763 1379 2809 ποιεῖσθε]
1404 2763 1606 2807 ἀπονείματε
1625 2763 1716 2810 αὐτῷ
1732 2777 1790 2809 γρ.

273 2817 356 2855 SQ.
473 2824 484 2841 Γ
505 2815 685 2862 εὑρήσετε]
710 2816 888 2860 εὑρήσεται
911 2816 994 2850 S.O.
1089 2822 1103 2841 S
1125 2816 1198 2862 ἐὰν]
1223 2814 1262 2850 ἂν
1282 2817 1323 2850 Α.
1413 2815 1427 2841 t
1446 2817 1521 2850 ἐᾶτε
1541 2821 1621 2862 post
1641 2816 1744 2849 αὐτὸν
1762 2827 1790 2850 r.

272 2876 291 2894 u
314 2868 508 2914 ταράττειν]
529 2870 688 2914 πράττειν
710 2869 797 2908 S.Q.
830 2869 923 2903 Illud
942 2882 962 2903 a
981 2881 1027 2903 m.
1050 2881 1117 2904 sec.
1141 2881 1263 2915 margo
1285 2870 1321 2903 S.
1477 2875 1492 2893 V
1514 2868 1682 2915 σκοπῆτε]
1707 2882 1790 2903 σκο-

270 2923 363 2955 πεῖτε
383 2921 592 2961 Υ.Ω,Ο.ι’.υ.
706 2928 725 2946 Χ
746 2921 841 2967 ἡμῖν]
867 2922 943 2965 ὑμῖν
958 2923 1001 2957 Y.
1115 2928 1130 2951 -V
1151 2924 1199 2969 τῷ
1218 2934 1287 2957 om.
1309 2922 1354 2961 Q.
1459 2928 1476 2947 2
1497 2921 1643 2968 τούτων]
1668 2921 1791 2956 τούτου

272 2974 382 3007 A.k.s.
495 2980 512 2999 a
531 2989 569 3020 γε
590 2987 660 3008 om.
685 2975 770 3009 O.u.
