1882 3250
217 153 301 191 140
746 151 1206 207 [ΔΗΜΟΣΘΕΝΟΎΣ]
1426 150 1505 188 ΟΒ.
1527 149 1583 188 X.
1606 162 1644 202 p.
1670 157 1760 198 131,
1782 161 1858 186 ι-ει

569 557 792 609 ΚΑΤΑ
841 557 1249 609 ΦΙΛΙΠΠΟΎ·
1300 556 1375 608 Δ.

862 786 1096 816 ΥΠΟΘΕΣῙΣ.

273 874 336 906 Καὶ
365 871 463 907 οὗτος
493 873 553 916 τὴν
583 872 687 915 αὐτὴν
716 872 880 906 ὑπόθεσιν
905 872 975 915 ἔχει
1004 873 1052 917 τῷ
1080 869 1246 914 φθάνοντι
1275 869 1328 901 καὶ
1356 868 1463 902 πλέον
1495 867 1593 901 οὐδέν
1623 866 1733 901 Ρούδὲ

214 936 312 977 ἰ’διον,
332 936 422 979 πλὴν
444 936 481 969 τὸ
501 936 579 981 περὶ
603 936 662 978 τῆς
687 933 844 979 ὁμονοίας
868 934 1069 977 πολίτευμα·
1103 932 1357 978 διαφερομένων
1376 932 1440 977 γὰρ
1469 933 1535 964 τῶν
1553 928 1732 964 πλουσίων

215 1001 301 1044 πρὸς
334 1000 413 1034 τοὺς
441 999 594 1042 πένητας,
627 999 644 1031 ὁ
672 997 893 1041 Δημοσθένης
923 994 1126 1030 καταπαύειν
1154 997 1309 1041 πειρᾶται
1339 994 1400 1037 τὴν
1429 994 1568 1033 στάσιν,
1599 995 1647 1040 τῷ
1672 993 1732 1036 μὲν
1748 996 1823 1038 131
1880 1003 1882 1031 j

1880 1040 1882 1052 Ι

216 1063 309 1110 δήμῳ
337 1066 508 1108 παραινῶν
538 1063 582 1106 μὴ
609 1061 763 1106 δημεύειν
788 1062 848 1096 τὰς
875 1064 942 1095 τῶν
964 1060 1142 1094 πλουσίων
1165 1059 1298 1099 οὐσίας,
1326 1060 1396 1093 τοῖς
1422 1059 1457 1092 δέ
1482 1057 1663 1092 πλουσίοις
1687 1057 1732 1101 μὴ

217 1129 358 1173 φθονεῖν
386 1129 457 1162 τοῖς
482 1127 621 1172 ἀπόροις
649 1128 710 1160 τοῦ
737 1126 903 1169 δημοσίου
935 1125 1122 1169 λήμματος.
1152 1125 1261 1159 πείθει
1291 1125 1327 1158 δέ
1355 1123 1435 1158 τοὺς
1462 1122 1659 1166 Ἀθηναίους
1681 1122 1735 1155 καὶ

215 1193 300 1237 πρὸς
320 1192 379 1225 τὸν
399 1194 545 1236 Περσῶν
564 1190 713 1232 βασιλέα
732 1191 811 1235 περὶ
831 1190 1026 1234 συμμαχίας
1045 1188 1309 1233 πρεσβεύεσθαι.

220 1296 373 1370 ΙίΑΙ
417 1322 654 1369 σπουδαῖα
702 1317 912 1383 νομίζων,
950 1313 988 1366 ὦ
1028 1315 1190 1380 ἄνδρες
1230 1316 1487 1377 Ἀθηναῖοι,
1525 1314 1632 1378 περὶ
1670 1310 1736 1362 ὧν

216 1402 517 1463 βουλεύεσθε,
571 1405 646 1452 καὶ
698 1403 931 1465 ἀναγκαῖα
980 1403 1038 1466 τῇ
1089 1397 1241 1457 πόλει,
1293 1396 1580 1463 πειράσομαι
1629 1398 1735 1461 περὶ

217 1488 371 1536 αὐτῶν
410 1490 551 1537 εἰπεῖν
586 1483 616 1534 ἃ
651 1484 818 1549 νομίζω
853 1483 1128 1552 συμφέρειν.
1173 1484 1255 1532 οὐκ
1300 1483 1476 1547 ὀλίγων
1507 1482 1543 1531 δ’
1586 1480 1735 1531 ὄντων

218 1570 568 1636 ἁμαρτημάτων
594 1571 684 1619 οὐδ’
715 1570 764 1619 ἐκ
789 1573 956 1634 μικροῦ
982 1566 1154 1634 χρόνου
1175 1565 1564 1630 συνειλεγμένων,
1593 1564 1650 1633 ἐξ
1671 1562 1765 1615 ὧν5
1827 1595 1832 1599 -

218 1655 416 1723 φαύλως
454 1654 579 1704 ταῦτ’
609 1654 715 1720 ἔχει,
743 1652 874 1702 οὐδέν
912 1653 1055 1713 ἐστιν,
1088 1649 1124 1701 ὦ
1163 1651 1325 1716 ἄνδρες
1359 1654 1615 1714 Ἀθηναῖοι,
1641 1653 1736 1699 τῶν

216 1739 408 1791 πάντων
442 1738 828 1804 Ἷδυσκολώτερον
867 1741 928 1790 εἰς
962 1736 1016 1787 τὸ
1042 1736 1207 1803 παρὸν,
1234 1735 1262 1800 ἢ
1296 1735 1366 1786 ὅτι
1400 1740 1500 1789 ταῖς
1525 1734 1736 1802 γνώμαις

219 1823 344 1886 ὑμεῖς
379 1821 679 1890 ἀφεστήκατε
717 1825 812 1870 τῶν
848 1819 1156 1886 πραγμάτων,
1183 1821 1258 1869 καὶ
1295 1824 1524 1869 τοσοῦτον
1565 1815 1736 1884 χρόνον

219 1904 504 1970 σπουδάζετε
538 1905 655 1955 ὅσον
681 1902 739 1954 ἂν
765 1903 978 1967 κάθησθε
1005 1902 1263 1965 ἀκούοντες,
1289 1900 1348 1965 Γῆ
1387 1902 1735 1967 προσαγγελθῇ

220 2012 265 2040 τι
300 1990 536 2055 νεώτερον,
570 1986 646 2039 εἶτ’
676 1986 899 2038 ἀπελθὼν
935 1987 1135 2040 ἕκαστος
1174 1988 1302 2049 ὑμῶν
1336 1987 1389 2036 οὐ
1425 1984 1570 2049 μόνον
1605 1983 1735 2035 οὐδὲν
1751 2006 1790 2027 ¹0

186 2074 456 2143 Ωφροντίζει
505 2075 611 2139 περὶ
652 2074 818 2135 αὐτῶν,
863 2074 972 2122 ἀλλ’
1015 2071 1117 2122 οὐδὲ
1162 2071 1406 2135 μέμνηται.
1456 2071 1484 2134 ἡ
1527 2067 1613 2133 μὲν
1656 2068 1738 2119 οὖν

221 2159 450 2223 ἀσέλγεια
484 2160 558 2208 καὶ
584 2154 906 2225 πλεονεξία,ᾗ
941 2154 1059 2222 πρὸς
1086 2154 1296 2208 ἅπαντας
1332 2153 1606 2220 ἀνθρώπους
1645 2152 1732 2202 Φί-

221 2250 398 2295 λιππος
437 2244 619 2308 χρῆται,
646 2239 856 2304 τοσαύτη
883 2238 937 2290 τὸ
961 2242 1147 2303 πλῆθος
1174 2239 1294 2303 ὅσην
1321 2237 1522 2288 ἀκούετε·
1564 2236 1634 2287 ὅτι
1669 2236 1735 2286 5δ’

220 2327 301 2376 οὐκ
338 2326 401 2376 ε”νι
427 2325 598 2387 ταύτης
632 2326 803 2374 ἐκεῖνον
827 2325 1039 2390 ἐπισχεῖν
1065 2325 1113 2373 ἐκ
1149 2323 1299 2388 λόγου
1334 2325 1408 2372 καὶ
1437 2321 1787 2387 δημηγοριάς,15

221 2410 366 2462 οὐδεὶς
407 2411 568 2473 ἀγνοεῖ
602 2408 765 2471 δήπου.
811 2408 885 2457 καὶ
924 2406 1017 2472 γὰρ
1051 2410 1087 2456 εἷ
1123 2407 1228 2470 μηδ’
1263 2407 1344 2471 ἀφ’
1373 2405 1473 2458 ἑνὸς
1508 2409 1603 2455 τῶν
1641 2404 1734 2454 ἄλ-

181 2500 320 2548 3λων
363 2498 502 2542 τοῦτο
543 2495 707 2553 μαθεῖν
749 2490 976 2540 ἵδύναταί
1015 2512 1098 2550 τις,
1140 2492 1222 2539 ὡδὶ
1265 2487 1566 2553 λογισάσθω.
1611 2488 1738 2551 ἡμεῖς

221 2577 426 2639 οὐδαμοῦ
461 2575 666 2637 πώποτε,
702 2574 821 2625 ὅπου
861 2576 967 2639 περὶ
1007 2577 1101 2623 τῶν
1138 2574 1324 2623 δικαίων
1361 2576 1502 2623 εἰπεῖν
1534 2571 1735 2635 ἐδέησεν,

222 2659 484 2724 ἡττήθημεν
526 2660 619 2709 οὐδ’
661 2660 834 2708 ἀδικεῖν
879 2657 1119 2726 ἐδόξαμεν,
1159 2655 1290 2707 ἀλλὰ
1327 2655 1517 2707 πάντων
1551 2677 1731 2706 παντα-
1753 2672 1829 2717 132

1392 2812 1422 2841 εἰ

276 2852 294 2879 Ρ
316 2847 393 2880 οἰδέ
415 2846 498 2880 O.u.
529 2849 607 2880 οὔτε
627 2847 744 2892 vulgo.
868 2851 887 2878 (ί
908 2842 1182 2889 δυσκολώτερον]
1206 2842 1468 2876 δυσκολώτατον
1488 2841 1527 2875 F.
1557 2841 1732 2875 δυσκολώ-

222 2914 322 2932 τατον
343 2900 462 2935 Y.u.v.
486 2906 519 2934 et
541 2912 590 2945 pr.
616 2899 658 2933 O.
795 2904 809 2922 Γ
829 2897 847 2941 ἢ
867 2898 1043 2933 A.F.S.Y.
1076 2896 1276 2942 Legebatur
1296 2897 1347 2938 ἤν.
1478 2900 1492 2919 S
1513 2893 1542 2929 δ’
1565 2893 1640 2940 οὐκ]
1664 2891 1735 2927 οὐδ’

223 2952 282 2986 οὐκ
304 2952 346 2986 O.
458 2953 470 2977 2
492 2952 630 2987 δύναταί
650 2953 777 2987 ASY⁴
809 2951 946 2995 δύνηται
966 2964 1017 2997 pr.
1042 2952 1076 2986 S.
1107 2949 1242 2985 δύναιτό
1262 2949 1380 2995 vulgo.
