1930 3266
61 180 202 230 282‚7.
573 185 701 222 ΠΕΡΙ
732 185 842 222 ΤΟΥ
872 183 1179 221 ΣΤΕΦΑΝΟΥ.
1549 181 1633 224 295

121 293 182 345 τὰ
208 295 450 345 Φιλίππου
487 294 816 363 ξιφρονούντων
841 296 916 345 καὶ
948 293 1297 362 διεφθαρμένων
1332 296 1444 358 παρ’
1471 292 1626 342 ἑκατέ-

119 400 231 444 ροις,
258 376 283 428 ὃ
306 377 391 441 μὲν
425 377 483 441 ἧν
513 378 796 446 ἀμφοτέροις
835 377 1043 447 φοβερὸν
1078 379 1154 428 καὶ
1189 379 1408 444 φυλακῆς
1445 379 1632 439 πολλῆς

121 460 351 524 δεόμενον,
389 460 443 512 τὸ
481 461 563 512 τὸν
603 462 847 512 Φίλιππον
880 462 959 511 ε’ἇν
998 459 1298 528 αὐξάνεσθαι,
1325 463 1632 525 παρορῶντας

119 547 194 596 καὶ
232 544 336 595 οὐδὲ
375 549 480 596 καθ’
519 543 567 596 ἓν
613 545 1006 614 φυλαττομένους,
1047 548 1106 597 εἷς
1152 544 1325 611 ἔχθραν
1366 541 1414 593 δὲ
1457 544 1532 592 καὶ
1577 541 1630 592 τὸ

117 627 430 695 προσκρούειν
459 627 723 693 ῦάλλήλοις
757 630 948 692 ἑτοίμως
986 629 1192 695 ἔχοντας,
1219 627 1345 681 ὅπως
1378 632 1537 677 0τοῦτο
1563 625 1627 690 μὴ
1645 647 1680 680 15

52 736 103 779 07
116 710 327 781 dee'votro
353 717 636 778 παρατηρῶν
662 714 909 774 διετέλουν,
937 713 1019 773 οὐκ
1047 710 1139 763 ἀπὸ
1166 714 1247 775 τῆς
1274 713 1472 774 ἐμαυτοῦ
1499 711 1626 776 γνώ-

116 818 207 860 μης
248 796 394 860 μόνον
442 802 590 847 ταῦτα
629 797 888 865 συμφέρειν
934 794 1300 859 ὑπολαμβάνων,
1346 796 1456 844 ἀλλ’
1500 795 1629 848 εἰδὼς

116 884 483 948 Ἀριστοφῶντα
527 882 601 931 καὶ
654 880 800 932 πάλιν
846 882 1094 942 Εὔβουλον
1139 879 1295 930 πάντα
1334 878 1417 930 τὸν
1455 878 1627 946 χρόνον

111 964 426 1028 βουλομένους
474 965 652 1034 πρᾶξαι
682 961 874 1030 ’ταύτην
915 963 1001 1029 τὴν
1045 965 1223 1032 φιλίαν,
1266 966 1341 1015 καὶ
1381 966 1487 1031 περὶ
1531 969 1625 1016 τῶν
1640 988 1679 1010 20

113 1048 280 1099 ἄλλων
322 1047 558 1107 πολλάκις
598 1048 929 1113 ἀντιλέγοντας
973 1050 1174 1102 Εὲαυτοῖς
1217 1046 1365 1099 frofie’
1406 1050 1620 1114 ὁμογνω-

1214 1130 1234 1158 h

111 1137 369 1196 μονοῦντας
407 1114 613 1208 ἀείίοῧς
656 1131 721 1182 σὺ
763 1131 936 1197 ζῶντας
974 1131 1072 1195 μὲν,
1111 1129 1178 1182 ἐῶ
1243 1133 1440 1194 κίναδος,
1482 1139 1626 1182 κολα-

335 1209 337 1211 ’
357 1205 473 1219 νων--

112 1238 257 1267 κευων
293 1216 677 1282 παρηκολούθεις,
704 1216 969 1267 τεθνεώτων
1005 1217 1042 1267 δ’
1081 1217 1163 1266 οὐκ
1203 1215 1437 1266 ἰαἰσθάνει
1475 1239 1621 1281 κατη-

110 1304 280 1366 γορῶν·
324 1299 354 1350 ἂ
378 1299 471 1366 γὰρ
509 1302 614 1366 περὶ
646 1301 874 1364 Θηβαίων
899 1302 1111 1369 ἐπιτιμᾷς
1148 1301 1261 1363 ἐμοὶ,
1287 1301 1471 1351 ἐκείνων
1495 1300 1623 1351 πολὺ

109 1381 353 1449 μᾶλλονῆ
386 1386 498 1447 ἐμοῦ
537 1388 820 1449 κατηγορεῖς,
849 1388 941 1434 τῶν
975 1382 1232 1450 1(πρότερον
1264 1382 1292 1447 ἢ
1330 1383 1422 1449 ἐγὼ
1448 1383 1622 1448 ταύτην
1636 1412 1674 1444 ²5

46 1478 98 1519 08
111 1467 195 1533 τὴν
244 1469 522 1536 συμμαχίαν
580 1466 954 1531 δοκιμασάντων.
1022 1470 1137 1518 ἀλλ’
1189 1471 1336 1519 ἐκεῖσε
1399 1468 1622 1532 ἐπάνειμι,

111 1552 181 1603 ὅτι
223 1551 306 1604 τὸν
345 1555 393 1603 ἐν
436 1554 696 1621 Ἀμφίσσῃ
734 1552 944 1615 πόλεμον
988 1551 1154 1603 τούτου
1195 1551 1281 1615 μὲν
1321 1552 1621 1616 ποιήσαντος,

110 1637 542 1703 συμπεραναμένων
577 1636 624 1688 δὲ
659 1641 753 1687 τῶν
779 1637 946 1687 ἄλλων
983 1641 1078 1687 τῶν
1104 1641 1348 1702 συνεργῶν
1375 1638 1499 1706 αὐτῷ
1538 1635 1623 1700 τὴν

180 1719 193 1734 x
250 1718 261 1746 1
425 1721 436 1737 ι
556 1721 579 1739 ’l
871 1721 883 1736 t
1013 1719 1027 1735 x
1147 1722 1157 1737 t
1379 1722 1388 1736 ›
1478 1726 1497 1735 a-
1559 1723 1568 1737 ι
1611 1726 1621 1743 9

108 1743 226 1785 προς
269 1724 510 1785 Θηβαιους
549 1725 736 1788 εχθραν,
763 1727 942 1785 συνεβη
982 1743 1064 1771 τον
1091 1724 1335 1772 Φιλιππον
1367 1725 1520 1772 ελθειν
1547 1726 1606 1790 εφ

109 1805 243 1868 ἡμᾶς,
283 1804 425 1870 οὗπερ
466 1805 597 1855 ἕνεκα
637 1803 720 1857 τὰς
759 1804 922 1858 πόλεις
964 1805 1088 1856 οὗτοι
1127 1804 1423 1870 συνέκρουον,
1464 1808 1538 1855 καὶ
1585 1810 1622 1856 εὶ
1638 1818 1719 1860 282

107 1887 173 1952 μὴ
214 1889 662 1957 ΗΠπροεξανέστημεν
704 1888 885 1954 μικρὸν,
921 1890 1043 1940 Πούδ
1086 1891 1368 1950 οοἰναλαβεῖν
1407 1887 1465 1939 ἂν
1504 1891 1616 1953 ἠδυ-

109 1971 328 2037 νήθημεν·
371 1974 491 2023 οὕτω
528 1974 663 2040 μέχρι
698 1972 860 2039 πόρρω
897 1972 1176 2039 προήγαγον
1214 1972 1339 2023 οὗτοι
1377 1970 1491 2037 Ρτὴν
1538 1974 1616 2040 ἔχ-

107 2061 238 2122 θραν.
279 2059 326 2107 ἐν
358 2056 424 2110 οἷς
451 2059 491 2106 δ’
518 2055 597 2121 ἦτε
623 2057 712 2121 ἤδη
738 2056 797 2108 τὰ
831 2056 948 2123 πρὸς
976 2055 1239 2120 ἀλλήλους,
1270 2060 1501 2108 ἳτουτωνὶ
1528 2063 1650 2110 τῶνε

107 2139 441 2209 ψηφισμάτων
479 2139 764 2194 ἀκούσαντες
802 2143 876 2191 καὶ
920 2145 1014 2192 τῶν
1053 2141 1350 2207 ἀποκρίσεων
1394 2142 1620 2194 Γεῖσεσθε.

108 2225 230 2276 ’Καί
250 2247 329 2287 μοι
355 2224 464 2290 λέγε
489 2229 637 2274 ταῦτα
662 2223 841 2285 λαβών.

160 2359 180 2379 a
197 2352 416 2399 φρονούντων
434 2353 619 2388 A.S.k.r.s.
641 2358 675 2387 et
694 2368 751 2399 γρ.
774 2352 867 2392 Q.O.
898 2354 1117 2398 πραττόντων
1136 2352 1253 2397 vulgo.
1393 2348 1412 2376 b
1433 2351 1616 2397 ἀλλήλους]

104 2406 278 2451 ἀλλήλους
295 2421 349 2453 γρ.
370 2420 397 2441 S.
526 2413 543 2432 0
561 2410 662 2440 τοῦτο
681 2406 743 2452 μὴ]
767 2406 812 2450 μὴ
832 2408 935 2440 τοῦτο
956 2406 1039 2440 O.u.
1177 2404 1195 2431 d
1217 2405 1351 2451 γένοιτο
1373 2406 1407 2439 S.
1437 2405 1619 2450 γενήσεται

103 2461 224 2506 vulgo.
380 2466 396 2485 e
416 2462 547 2496 ἑαυτοῖς
566 2472 636 2495 om.
659 2472 712 2506 pr.
738 2461 773 2494 S.
932 2456 946 2483 f
971 2458 1082 2505 τοῦθ’]
1108 2459 1155 2494 εἷς
1174 2461 1276 2492 τοῦτο
1296 2460 1337 2492 Α.
1368 2459 1415 2493 εἷς
1433 2459 1527 2492 τοῦθ’
1549 2460 1616 2492 ks.

105 2519 126 2547 g
145 2510 186 2560 (3]
211 2514 255 2549 ὣς
273 2515 387 2549 A.k.s.
509 2511 528 2540 h
551 2513 699 2559 κίναδος]
725 2512 870 2549 κίναιδος
890 2513 1079 2558 A.k.p.r.u.
1195 2509 1205 2536 i
1225 2512 1380 2546 αἰσθάνει
1402 2512 1437 2546 S.
1469 2511 1616 2556 αἰσχύνῃ

103 2568 221 2613 vulgo.
325 2565 342 2589 k
369 2567 554 2614 πρότερον]
579 2567 754 2612 προτέρων
772 2580 807 2600 u.
920 2564 930 2591 l
959 2565 1120 2609 θηβαίους
1141 2566 1177 2600 S.
1207 2566 1287 2600 τοὺς
1308 2564 1477 2608 Θηβαίους
1496 2566 1614 2610 vulgo.

103 2625 134 2645 ¹¹1
153 2621 463 2667 προεξανέστημεν]
482 2622 804 2667 προσεξανέστημεν
821 2621 855 2654 S.
876 2620 979 2654 litera
999 2633 1023 2652 σ
1043 2625 1176 2665 puncto
1196 2624 1329 2652 notata.
1361 2620 1550 2662 προεξζστη
1569 2618 1613 2652 Ο.

104 2679 124 2698 ¹²
153 2673 240 2720 οὐδ’]
264 2673 334 2708 οὐδ’
353 2672 394 2708 ἂν
414 2675 453 2709 F.
611 2680 628 2699 0
657 2674 839 2715 ἀναλαβεῖν
866 2674 1016 2707 A.S.k.s.
1061 2672 1261 2718 Legebatur
1279 2672 1461 2712 ἀναλαβεῖν
1481 2671 1614 2707 αὑτούς.

105 2733 126 2763 Ρ
144 2727 204 2771 τὴν
222 2728 346 2772 ἔχθραν
367 2728 472 2774 S.p.r.
496 2733 531 2762 et
549 2742 605 2773 γρ.
629 2727 673 2766 Q.
716 2727 916 2772 Legebatur
935 2727 974 2759 τὸ
993 2728 1143 2771 πρᾶγμα,
1166 2725 1261 2771 quod
1280 2737 1351 2759 om.
1372 2724 1483 2758 A.k.s.
1505 2730 1540 2758 et
1558 2739 1613 2770 γρ.

104 2779 149 2819 Q.
197 2781 238 2814 In
257 2793 367 2827 marg.
392 2782 427 2815 S.
448 2781 662 2826 adscriptum
681 2795 737 2826 γρ.
760 2778 848 2814 οὕτω
867 2795 901 2823 μ.
922 2793 960 2813 π.
982 2793 1040 2824 πρ.
1062 2778 1167 2819 οὗτοι,
1189 2779 1229 2812 οὐ
1248 2778 1535 2823 προσγράφοντες
1553 2778 1615 2821 τὴν

102 2833 238 2879 ἔχθραν,
259 2834 303 2870 ὡς
322 2832 405 2868 εἶναι
423 2836 463 2869 τὸ
483 2837 601 2878 νόημα,
621 2833 818 2880 προήγαγον
837 2833 930 2867 οὗτοι
959 2833 1018 2865 τὸν
1037 2832 1219 2876 φίλιππον,
1239 2830 1317 2865 ἀλλ’
1338 2831 1377 2864 οὐ
1399 2831 1458 2874 τὴν
1475 2831 1612 2876 ἔχθραν,

104 2886 148 2922 ὡς
167 2887 185 2930 ἡ
203 2888 319 2932 γραφὴ
339 2887 420 2932 αὕτη
441 2887 522 2933 ἔχει.
610 2894 629 2920 q
649 2887 806 2932 τουτωνὶ]
831 2885 959 2920 τούτων
978 2887 1014 2919 k.
1106 2891 1120 2909 Γ
1140 2883 1432 2919 εἴσεσθε-Οὕτω
1453 2884 1504 2930 (p.
1525 2883 1613 2929 284,

109 2940 201 2986 14.)]
231 2939 380 2976 εἴσεσθε.
412 2944 493 2987 λέγε
525 2941 564 2984 δὴ
596 2942 648 2974 καὶ
675 2942 735 2976 τὰς
763 2941 972 2985 ἀποκρίσεις.
1004 2944 1232 2973 ΕΠΙΣΤΟΛΗ
1263 2943 1496 2972 ΦΙΛΙΠΠΟΥ.
1528 2942 1612 2971 *Iri-1-

103 2998 253 3028 ΦΙΣΜΑ.
271 2993 358 3028 οὕτω
378 2996 418 3028 Α.
531 2999 546 3019 S
567 2995 803 3035 Καί-λαβών
822 3005 891 3027 om.
912 2994 981 3027 k.s.
