1930 3266
58 183 153 234 288,
171 199 202 228 7.
573 187 699 224 ΠΕΡΙ
730 186 840 224 ΤΟΤ
869 187 1177 226 ΣΤΕΦΑΝΟΤ.
1550 185 1628 226 301

121 303 148 326 “
175 294 360 359 Θήβαις
386 299 619 364 φρονοῦσι
642 295 700 347 τὰ
724 296 960 361 ωὑμέτερα
984 296 1041 364 ἐξ
1073 296 1183 347 ’ίσου
1209 295 1398 361 γε’νηται
1422 296 1476 347 τὸ
1501 320 1628 364 παρ-

121 377 478 444 “ρησιάζεσθαι
504 402 610 444 περι
636 383 729 430 τῶν
756 380 960 437 δικαίων,
989 378 1192 430 Πεὶδόσιν
1223 379 1313 440 ὅτι,
1344 377 1507 445 ὥσπερ
1537 385 1632 433 τοῖς
1649 408 1685 439 15

121 468 149 490 ‘⁶
171 467 392 512 πωλοῦσι
418 463 645 531 Φιλίππῳ
672 461 781 526 οτὴν
807 463 1010 529 πατρίδα
1035 462 1235 528 πάρεσθ’
1264 463 1292 526 ἡ
1319 462 1636 527 βοηθήσουσα

121 552 149 575 “
174 544 365 608 δύναμις
405 547 453 595 ἐν
490 546 726 614 Ἐλατείᾳ,
770 547 890 597 οὕτω
935 551 1029 599 τοῖς
1075 545 1190 612 ὑπὲρ
1240 549 1323 609 τῆς
1373 547 1636 609 ἐλευθερίας

121 635 150 658 “
174 626 483 693 ἀγωνίζεσθαι
533 629 839 692 βουλομένοις
893 628 1113 695 ὑπάρχεθ’
1160 631 1286 692 ὑμεῖς
1337 629 1510 692 ἕτοιμοι
1560 631 1637 679 καὶ

28 714 106 757 228
121 718 150 741 ‘⁶
173 710 442 774 βοηθήσω),
483 709 562 762 ἐάν
600 734 670 765 τις
713 713 782 762 ἐπ’
824 711 989 765 αὐτοὺς
1029 712 1089 780 ἰ’ῃ.
1134 711 1251 776 μετὰ
1292 718 1441 763 ταῦτα
1479 735 1631 779 χειρο-

120 803 149 825 “
175 798 371 859 τονῆσαι
412 795 614 846 Ρκελεύω
657 795 766 846 δέκα
807 797 1045 861 πρέσβεις,
1088 798 1163 846 καὶ
1205 799 1404 859 ποιῆσαι
1444 795 1635 850 τούτους
1650 821 1691 842 ²0

120 885 147 908 ‘⁶
172 878 353 943 κυρίους
380 885 399 912 ‘¹
408 877 526 942 μετὰ
551 883 645 929 τῶν
671 883 956 944 στρατηγῶν
983 880 1058 929 καὶ
1094 884 1177 929 τοῦ
1216 876 1330 929 πότε
1364 881 1462 928 1’δεῖ
1491 878 1632 938 βαδί-

118 968 146 990 “
172 961 261 1027 ζειν
287 963 435 1011 ἐκεῖσε
460 963 535 1012 καὶ
562 964 643 1024 τῆς
677 961 854 1029 ἐξόδου.
899 961 1085 1013 ἐπειδὰν
1111 963 1148 1012 δ’
1177 961 1385 1012 ἔλθωσιν
1411 964 1453 1011 οὶ
1478 962 1630 1026 πρέσ-

118 1051 146 1074 “
171 1050 268 1105 βεις
308 1049 370 1098 εἷς
405 1044 588 1109 Θήβας,
624 1050 724 1099 πῶς
766 1046 1066 1113 Ξχρήσασθαι
1108 1050 1175 1114 τῷ
1215 1044 1508 1112 πράγματι
1514 1068 1635 1111 παρ-

26 1143 105 1186 229
120 1134 146 1157 “
172 1131 284 1178 αινῶ
299 1149 312 1190 ;
355 1127 505 1197 τούτῳ
521 1127 645 1179 πάνυ
661 1151 739 1191 μοι
754 1130 1013 1196 προσέχετε
1031 1128 1114 1180 τὸν
1135 1135 1259 1180 νοῦν.
1301 1136 1395 1193 ι][μη
1420 1131 1634 1180 Χδεῖσθαι

118 1218 146 1241 “
171 1212 399 1275 Θηβαίων
435 1212 579 1276 μηδὲν
621 1212 841 1280 (αἰσχρὸς
881 1214 974 1279 γὰρ
1019 1215 1044 1264 ὁ
1079 1213 1273 1280 καιρὸς),
1312 1214 1422 1264 ἀλλ’
1463 1215 1684 1279 ‘'gwy-25

118 1302 145 1326 ‘c
218 1295 231 1311 Ι
611 1298 620 1311 Ι
776 1305 793 1323 z
812 1295 829 1315 ‚X
1022 1297 1033 1312 Ι
1221 1300 1232 1313 C
1316 1298 1326 1312 9
1388 1298 1398 1313 Ι
1523 1303 1542 1323 a
1594 1296 1605 1313 ἱ

170 1301 432 1360 γελλεσθαι
469 1301 743 1361 βοηθήσειν,
802 1321 859 1348 αν
897 1304 1167 1359 κελευωσιν,
1205 1320 1265 1350 ως
1304 1319 1488 1347 εκεινων
1549 1320 1635 1361 μεν

575 1378 594 1406 b
615 1382 625 1396 ³
715 1379 727 1394 Ι
893 1381 902 1394 t
957 1385 977 1394 Α
1089 1380 1100 1397 ἱ
1154 1380 1177 1398 ,Ι
1377 1378 1395 1396 ,Χ
1444 1389 1458 1407 c

118 1379 317 1431 “gvrwv
356 1381 404 1430 ἐν
441 1385 536 1434 τοῖς
604 1403 837 1447 εσχατοις,
877 1403 1008 1444 ημων
1053 1384 1100 1431 δε
1142 1403 1329 1443 αμεινον
1372 1403 1400 1443 η
1482 1384 1635 1431 ’κεῖνοι

118 1471 146 1493 “
172 1462 252 1514 ᾱτὸ
284 1464 464 1527 μελλον
497 1484 853 1531 προορωμενων·
895 1465 949 1515 ἵν’
991 1463 1070 1514 ἐαν
1106 1487 1191 1526 μεν
1231 1463 1454 1532 δεξωνται
1487 1469 1635 1514 ταῦτα

829 1546 846 1564 ὁ

133 1549 245 1598 (και
270 1552 534 1599 πεισθῶσιν
563 1549 683 1612 ἡμῖν,
711 1570 786 1598 και
822 1571 853 1597 α
886 1546 1184 1611 εβουλόμεθα
1213 1545 1336 1610 ὠμεν
1363 1547 1633 1616 διῳκημενοι
1651 1555 1728 1595 288

133 1634 245 1682 ‘Kal
301 1631 419 1695 μετὰ
480 1630 841 1699 procrxvffioeros*
899 1631 1034 1699 ἀξίου
1095 1634 1178 1694 τῆς
1239 1629 1425 1684 πόλεως
1487 1636 1634 1682 ταῦτα

117 1715 438 1784 ((πραξωμεν,
478 1715 562 1766 ἕᾶν
593 1717 629 1766 δ’
672 1716 763 1782 ἄρα
797 1713 861 1779 μὴ
901 1718 1068 1782 συμβῆ
1107 1713 1436 1781 11κατατυχεῖν,
1475 1716 1635 1764 ἐκεῖνοι

118 1806 146 1830 “
172 1823 256 1863 μεν
282 1801 437 1853 αὑτοῖς
476 1801 757 1864 ἐγκαλῶσιν,
785 1798 843 1848 ἄν
878 1821 922 1848 τι
958 1804 1040 1848 νῦν
1074 1797 1550 1866 1ε’ζ-ἀμαρτανωσιν,
1524 1803 1634 1861 ημῖν

26 1899 107 1943 230
120 1891 146 1913 ‘⁶
172 1882 219 1934 δὲ
239 1882 383 1948 μηδεν
403 1905 604 1949 αισχρον
623 1881 739 1946 μηδε
763 1903 982 1932 ταπεινον
999 1878 1028 1948 ᾗ
1048 1903 1395 1946 πεπραγμενον.
1467 1884 1661 1931 Ταῦτα5

116 1971 192 2018 καὶ
218 1967 562 2032 ιςπαραπλήσιοι
584 1967 762 2020 τούτοις
783 1965 924 2018 εἰπὼν
946 1966 1161 2030 κατέβην.
1189 1965 1633 2017 συνεπαινεσάντων

117 2051 165 2103 δὲ
189 2051 379 2103 πάντων
406 2053 480 2102 καὶ
508 2050 690 2105 οὐδενὸς
729 2051 937 2105 εἰπόντος
975 2051 1185 2101 ἐναντίον
1212 2049 1344 2100 οὐδὲν
1379 2051 1462 2100 οὐκ
1503 2049 1632 2101 εἶπον

170 2198 200 2217 m
221 2192 381 2238 ὑμέτερα]
406 2192 549 2237 ἡμέτερα
568 2192 684 2226 A.k.r.
706 2199 741 2227 et
762 2198 938 2227 correctus
960 2192 995 2226 S.
1112 2197 1132 2216 Π
1152 2191 1299 2237 εἷδόσιν]
1324 2192 1474 2226 εἷδοῦσιν
1492 2192 1629 2232 A.Y.Q.

117 2246 248 2280 ι’δοῦσιν
270 2246 378 2282 S.k.1·.
512 2251 530 2269 0
550 2245 627 2292 τὴν]
649 2247 701 2280 καὶ
721 2246 781 2289 τὴν
803 2252 828 2280 t.
955 2251 974 2278 P
995 2244 1120 2279 κελεύω
1140 2258 1210 2279 om.
1232 2258 1285 2291 pr.
1311 2245 1355 2279 Ο.
1486 2252 1504 2279 q
1523 2246 1626 2292 μετὰ]

117 2300 199 2333 κατὰ
219 2312 246 2334 S.
411 2304 426 2324 Γ
451 2299 501 2332 δεῖ
525 2299 674 2341 βαδίζειν
693 2300 802 2332 ἐκεῖσε
821 2300 862 2333 A.
870 2300 904 2333 S.
908 2300 944 2334 k.
949 2311 975 2332 s.
1011 2299 1120 2332 ἐκεῖσε
1139 2299 1190 2332 δεῖ
1207 2299 1356 2340 βαδίζειν
1376 2298 1419 2332 Ο.
1454 2299 1561 2333 ceteri
1581 2299 1633 2333 δεῖ

118 2353 228 2386 ἐκεῖσε
265 2352 424 2394 βαδίζειν.
580 2357 594 2376 S
631 2352 845 2398 χρήσασθαι]
881 2351 1075 2397 χρήσεσθαι
1110 2352 1149 2386 F.
1156 2352 1198 2385 O.
1202 2365 1235 2397 p.
1241 2365 1267 2385 r.
1315 2351 1491 2396 χρήσεσθε
1527 2365 1551 2385 s
1558 2365 1592 2387 u.
1596 2365 1628 2387 v.

118 2407 130 2428 t
148 2408 298 2450 παραινῶ
317 2404 443 2451 τούτῳ]
467 2419 576 2438 τουτω
597 2408 747 2450 παραινῶ
766 2407 806 2439 Α.
811 2407 845 2439 k.
851 2419 876 2440 s.
997 2406 1211 2451 μὴ-καιρός
1231 2411 1312 2439 ante
1332 2406 1467 2439 ἐπειδὰν
1481 2406 1582 2451 ponit
1601 2418 1629 2440 r.

118 2464 138 2483 X
167 2459 298 2493 δεῖσθαι
332 2459 370 2492 F.
377 2459 460 2497 SUQ
466 2457 586 2493 Ok.u.
636 2459 835 2505 Legebatur
867 2459 993 2493 δεῖσθε.
1030 2459 1494 2503 δεῖσθαι--ἐπαγγέλλεσθαι
1524 2459 1630 2493 etiam

119 2512 265 2558 Dionys.
287 2513 368 2546 Hal.
389 2513 456 2546 vol.
480 2522 514 2558 5,
536 2524 572 2558 p.
597 2487 708 2547 2860
708 2520 743 2546 et
763 2523 852 2558 350.
951 2518 969 2545 5
990 2512 1269 2558 ἐπαγγέλλεσθαι
1290 2512 1493 2557 F.S.Q.p.r.
1524 2513 1629 2558 ἐπαγ-

118 2566 281 2610 γείλασθε
302 2566 423 2601 O.u.V.
454 2565 723 2611 ἐπαγγείλασθαι
739 2572 765 2600 t.
797 2566 997 2611 Legebatur
1012 2565 1288 2610 ἐπαγγέλλεσθε.
1411 2572 1427 2590 Z
1446 2562 1486 2598 ἂν
1507 2565 1543 2600 S.
1573 2565 1631 2598 ἐὰν

117 2619 236 2664 vulgo.
358 2624 376 2643 ἢ
395 2619 456 2661 μὲν
475 2630 544 2652 om.
566 2619 852 2658 F.S.Q.O.t.u.v.
969 2616 984 2638 ¹>
1004 2619 1165 2663 ἐσχάτοις
1186 2619 1222 2652 S.
1245 2630 1325 2652 cum
1346 2618 1530 2664 Dionysio.
1559 2618 1627 2653 Le-

119 2672 265 2717 gebatur
284 2673 443 2716 ἐσχάτοις
461 2671 636 2707 κινδύνοις.
731 2678 743 2693 c
763 2675 865 2706 κεῖνοι
886 2672 969 2710 S.Q.
1001 2672 1116 2705 κείνων
1134 2672 1306 2707 Y.O.U.V.
1337 2671 1469 2705 ἐκείνων
1489 2672 1629 2716 F.p.r.t.

119 2725 235 2759 ἐκεῖνοι
254 2726 369 2760 A.k.s.
401 2726 448 2759 Et
467 2725 515 2759 sic
535 2725 725 2771 Dionysius
744 2726 823 2759 loco
842 2726 978 2771 priore:
1009 2725 1118 2759 altero
1138 2725 1282 2758 ἐκείνων.
1405 2722 1421 2745 ‘¹
1440 2726 1479 2758 τὸ
1498 2724 1632 2768 μέλλον

119 2789 188 2812 om.
221 2779 256 2813 S.
286 2785 367 2824 post
397 2778 641 2824 προορωμένων
671 2780 771 2824 ponit
795 2793 850 2824 γρ.
880 2779 915 2812 S.
1072 2783 1088 2803 e
1115 2777 1329 2823 βουλόμεθα]
1359 2778 1563 2821 βουλώμεθα
1594 2778 1629 2812 S.

119 2827 135 2855 f
150 2831 411 2878 προσχήματος]
437 2831 613 2876 σχήματος
631 2833 742 2866 A.k.s.
764 2839 798 2866 et
819 2831 1022 2877 Dionysius,
1178 2837 1199 2864 g
1224 2830 1435 2865 ἂν-αὑτοῖς
1455 2831 1490 2865 S.
1520 2831 1631 2864 ἐὰν-

120 2885 249 2920 ἑαυτοῖς
267 2885 385 2931 vulgo.
525 2883 540 2904 ¹¹
561 2886 778 2930 κατατυχεῖν]
804 2885 886 2919 κατὰ
905 2883 1012 2928 τύχην
1030 2885 1070 2919 F.
1210 2881 1221 2909 i
1241 2885 1518 2929 ἐξαμαρτάνωσιν
1540 2884 1575 2918 S.
1596 2889 1632 2918 et

121 2937 311 2984 Dionysius
330 2939 400 2973 vol.
424 2945 458 2986 5,
479 2950 514 2984 p.
537 2948 626 2985 350.
656 2939 893 2984 ἐξαμάρτωσιν
911 2938 1029 2983 vulgo.
1157 2936 1172 2959 k
1194 2937 1438 2984 παραπλήσια]
1463 2938 1505 2971 τὰ
1523 2951 1631 2983 παρα-

121 2989 251 3034 πλήσια
272 3003 298 3024 s,
