1930 3266
17 206 159 257 —258‚
182 220 230 243 18.
576 208 701 244 ΠΕΡΙ
731 208 842 245 ΤΟΤ
872 209 1178 246 ΣΤΕΦΑΝΟΎ.
1552 207 1633 249 271

127 339 201 369 τες
251 316 400 366 ἰ’σασι’
447 320 504 366 δι’
550 317 707 367 ὅντινα
752 319 788 366 δ’
838 319 990 368 ἄλλον
1034 319 1062 382 ἡ
1107 316 1245 370 πόλις
1296 317 1633 384 ἐστεφάνωται,
1650 342 1689 362 20

126 399 405 463 σύμβουλον
445 401 600 465 ᾳλέγω
640 403 716 451 καὶ
747 399 936 467 ῥήτορα,
975 400 1104 464 πλὴν
1140 403 1192 450 δι’
1235 399 1325 463 ἐμὲ,
1358 401 1449 450 οὐδ’
1479 399 1536 450 ἂν
1575 401 1637 454 εἷς

127 486 267 533 εἰπεῖν
294 483 401 549 ἔχοι.

37 575 112 616 ΙΙ7
192 565 297 616 Ἵνα
334 567 488 617 τοίνυν
533 570 607 617 καὶ
652 567 734 621 τὰς
771 568 1103 634 βλασφημίας,
1144 566 1197 620 ἃς
1239 566 1358 616 κατὰ
1401 571 1494 617 τῶν
1537 568 1632 616 Εὐ-

125 650 276 712 βοέων
309 652 384 700 καὶ
421 656 516 702 τῶν
555 652 820 717 Βυζαντίων
853 650 1122 714 ἐποιήσατο,
1147 652 1188 700 εἴ
1215 674 1258 700 τι
1294 650 1516 717 δυσχερὲς
1549 652 1632 700 αὑ-

125 739 220 788 τοῖς
264 735 524 801 ἐπέπρακτο
567 735 685 801 πρὸς
730 738 849 798 ὑμᾶς
890 735 1273 798 ὑπομιμνήσκων,
1317 735 1637 801 συκοφαντίας

126 820 272 872 οὔσας
317 821 528 888 ἐπιδείξω
567 821 632 883 μὴ
670 819 814 882 μόνον
856 824 922 888 τῷ
962 823 1148 887 ψευδεῖς
1191 817 1303 869 εἶναι
1344 820 1511 887 (τοῦτο
1553 818 1686 881 μέν25

126 902 220 968 γὰρ
258 901 482 970 ὑπάρχειν
528 905 645 966 ὑμᾶς
685 903 861 956 εἰδότας
895 903 1165 971 1ἡγοῦμαι),
1199 901 1328 951 ἀλλὰ
1368 904 1443 952 καὶ
1480 905 1559 970 τῷ,
1601 906 1637 951 εἰ

126 985 185 1036 τὰ
223 985 421 1049 μάλιστ’
458 985 584 1050 ἦσαν
624 988 825 1049 ἀληθεῖς,
863 987 1006 1039 οὕτως
1043 988 1105 1038 ὡς
1144 985 1235 1050 ἐγὼ
1277 984 1502 1051 κέχρημαι
1543 989 1639 1038 τοῖς

126 1069 378 1135 πράγμασι
405 1070 664 1137 συμφέρειν
691 1076 705 1095 S
722 1069 1013 1135 χρήσασθαι,
1041 1068 1088 1118 ἓν
1114 1067 1142 1132 ἦ
1171 1069 1252 1118 δύο
1281 1069 1518 1130 βούλομαι
1543 1072 1637 1118 τῶν

128 1155 228 1201 καθ’
271 1153 387 1214 ὑμᾶς
424 1151 766 1218 πεπραγμένων
803 1157 962 1201 καλῶν
1000 1156 1058 1218 τῇ
1095 1151 1232 1202 πόλει
1269 1151 1533 1219 διεξελθεῖν,
1562 1153 1636 1200 καὶ
1651 1162 1730 1214 258

127 1236 253 1285 ταῦτ’
294 1237 341 1285 ἐν
379 1236 598 1302 βραχέσι·
641 1237 714 1285 καὶ
754 1235 845 1301 γὰρ
884 1236 1031 1301 ἄνδρα
1073 1237 1163 1303 ἰδίᾳ
1201 1237 1276 1285 καὶ
1311 1234 1453 1285 πόλιν
1494 1239 1637 1302 κοινῇ,

127 1317 243 1385 πρὸς
282 1318 341 1368 τὰ
367 1320 609 1369 κάλλιστα
646 1323 740 1368 τῶν
767 1318 1074 1385 ὑπαρχόντων
1110 1320 1123 1344 t
1143 1320 1210 1368 ἀεὶ
1244 1321 1314 1368 δεῖ
1346 1325 1366 1343 “
1385 1323 1638 1383 πειρᾶσθαι

38 1400 186 1452 118τὰ
212 1401 357 1452 λοιπὰ
388 1402 624 1468 πράττειν.
669 1403 793 1464 ὑμεῖς
832 1402 999 1459 τοίνυν,
1037 1399 1110 1451 κ’ὦ
1149 1402 1348 1466 Χᾶνδρες
1381 1403 1637 1465 Ἀθηναῖοι,

128 1487 505 1548 Λακεδαιμονίων
543 1489 630 1551 γῆς
663 1488 738 1535 καὶ
778 1484 1016 1548 θαλάττης
1059 1484 1302 1552 ἀρχόντων
1343 1488 1417 1535 καὶ
1457 1484 1516 1535 τὰ
1557 1484 1664 1542 κύ-5

127 1575 228 1638 κλῳ
265 1572 347 1632 τῆς
385 1571 602 1633 Ἀττικῆς
644 1567 936 1636 κατεχόντων
980 1569 1239 1634 ἁρμοσταῖς
1279 1571 1353 1618 καὶ
1395 1572 1635 1636 φρουραῖς,

126 1654 347 1715 Εὔβοιαν,
374 1652 645 1719 Τάναγραν,
671 1655 747 1703 καὶ
774 1652 1002 1702 Βοιωτίαν
1034 1649 1241 1713 ἅπασαν,
1272 1652 1488 1718 Μέγαρα,
1517 1651 1631 1702 )Ἀί’-

124 1758 274 1801 γιναν,
302 1736 544 1795 Κλεωνὰς,
574 1736 690 1790 Ζτιῗις
729 1737 885 1789 ἄλλας
925 1735 1110 1799 νήσους,
1147 1737 1199 1785 οὐ
1240 1741 1363 1796 ναῦς,
1390 1736 1466 1785 a013
1505 1735 1636 1802 τείχη

569 1819 910 1884 1)κτησαμένης,
939 1820 1159 1888 ἐξήλθετε
1191 1824 1251 1872 εἰς
1277 1820 1533 1885 Ἀλιάρτον
1559 1821 1687 1870 mim

123 1823 205 1883 Τῆς
231 1819 413 1873 πόλεως
438 1820 543 1871 τότε

123 1902 270 1954 πάλιν
296 1905 348 1953 οὐ
374 1909 579 1957 πολλαῖς
605 1904 793 1970 ἡμέραις
825 1905 1023 1969 ὕστερον
1049 1907 1111 1956 εἰς
1140 1902 1385 1969 Κόρινθον,
1412 1907 1505 1953 τῶν
1531 1902 1636 1952 τότε

123 1987 386 2050 Ἀθηναίων
411 1987 557 2038 πόλλ’
580 1987 636 2038 ἂν
663 1989 865 2055 ἐχόντων
891 1991 1242 2051 μνησικακῆσαι
1268 1990 1343 2037 καὶ
1372 1987 1635 2053 Κορινθίοις

126 2071 202 2119 καὶ
229 2071 458 2134 Θηβαίοις
496 2075 589 2120 τῶν
623 2074 727 2137 περὶ
766 2070 871 2120 οτὸν
896 2068 1201 2120 ᾰΔεκελεικὸν
1235 2070 1447 2133 πόλεμον
1482 2093 1636 2137 πραχ-

34 2166 111 2206 1¹9
125 2154 314 2204 θέντων·
358 2157 471 2205 ἀλλ’
500 2156 583 2205 οὐκ
609 2155 792 2206 ἐποίουν
817 2160 970 2212 τοῦτο,
1000 2155 1090 2204 οὐδ’
1120 2154 1273 2219 ἐγγύς.
1313 2155 1461 2205 καίτοι
1496 2153 1636 2204 Ετότε

122 2242 269 2287 ταῦτα
308 2238 566 2306 ἀμφότερα,
608 2241 827 2306 Αἰσχίνη,
870 2240 965 2289 οὔθ’
1008 2237 1120 2304 ὑπὲρ
1160 2239 1412 2304 εὐεργετῶν
1451 2239 1634 2289 ἐποιόυν
1648 2264 1684 2295 15

122 2321 212 2370 οὔτ’
242 2322 462 2372 ἀκίνδυνα
500 2323 671 2387 ἑώρων.
714 2323 822 2371 ἀλλ’
859 2324 911 2372 οὐ
951 2321 1026 2372 διὰ
1063 2328 1211 2372 ταῦτα
1246 2321 1489 2387 ῑπροΐεντο
1527 2321 1635 2375 τοὺς

121 2404 500 2472 καταφεύγοντας
537 2406 637 2472 ἕέφ’
667 2404 867 2466 ἑαυτοὺς,
895 2406 1006 2455 ἀλλ’
1049 2405 1160 2471 ὑπὲρ
1200 2405 1408 2473 εὐδοξίας
1447 2407 1522 2455 καὶ
1559 2427 1628 2455 τι·-

121 2489 210 2549 μῆς
246 2486 418 2550 ἤθελον
443 2494 538 2541 τοῖς
567 2491 728 2541 δεινοῖς
755 2487 920 2541 αὐτοὺς
957 2488 1149 2552 διδόναι,
1181 2491 1331 2554 ὀρθῶς
1369 2491 1443 2538 καὶ
1477 2493 1634 2542 καλῶς

174 2687 193 2715 q
212 2683 302 2728 λέγω
323 2695 390 2717 om.
412 2697 464 2730 pr.
486 2684 527 2717 Y.
651 2690 665 2708 Γ
685 2684 846 2732 ἡγοῦμαι]
873 2687 993 2720 εἷδενιιι
1016 2689 1050 2720 S.
1072 2686 1308 2731 superscripto
1328 2697 1347 2718 a
1366 2697 1412 2717 m.
1436 2695 1506 2719 sec.
1528 2683 1630 2729 ἡγοῦ-

120 2749 178 2778 μαι
197 2735 234 2768 in
252 2736 368 2770 locum
392 2737 550 2771 vocabuli
570 2737 669 2771 erasi.
805 2738 1056 2785 Ξχρήσασθαι]
1081 2739 1230 2783 χρῆσθαι
1250 2740 1291 2772 A.
1297 2738 1339 2772 O.
1343 2739 1377 2771 k.
1382 2750 1408 2770 S.
1412 2750 1446 2770 ιι.
1468 2742 1503 2771 et
1522 2751 1576 2782 γρ.
1598 2749 1629 2770 v.

121 2789 134 2813 t
153 2787 220 2833 ἀεὶ]
245 2789 306 2823 αιέὶ
328 2790 364 2824 S.
477 2797 495 2815 ¹¹
518 2790 699 2835 πειρᾶσθαι
719 2791 759 2824 τὰ
780 2793 884 2824 λοιπὰ
906 2793 940 2825 S.
970 2794 1011 2825 τὰ
1031 2793 1134 2826 λοιπὰ
1153 2792 1335 2836 πειρᾶσθαι
1355 2791 1472 2836 vulgo.
1570 2794 1585 2809 v
1605 2804 1631 2822 ω

121 2852 190 2874 om.
212 2841 247 2875 S.
385 2848 398 2863 Χ
420 2843 535 2887 ἅνδρες
558 2855 626 2877 om.
647 2856 681 2888 p.
820 2851 838 2877 )
859 2843 1013 2890 Αιγιναν]
1038 2844 1176 2890 αίγηναν
1195 2846 1238 2878 A.
1378 2851 1394 2868 Z
1419 2844 1479 2877 Τὰς
1499 2855 1568 2876 om.
1592 2842 1628 2876 S·

121 2898 140 2918 a
158 2892 212 2939 οὐ]
236 2896 324 2928 οὔτε.
434 2893 454 2920 b
474 2896 683 2940 κτησαμένης
705 2897 739 2931 S.
771 2897 970 2943 Legebatur
989 2899 1197 2941 κεκτημένης.
1308 2901 1320 2917 ⁰
1340 2897 1400 2930 τὸν
1419 2908 1488 2930 om.
1509 2908 1561 2941 pr.
1583 2894 1628 2929 Ο.

119 2943 136 2967 d
156 2948 369 2994 Δεκελεικὸν]
393 2949 564 2983 δεκελικὸν
586 2949 620 2983 S.
716 2955 732 2974 e
752 2952 830 2984 τότε
850 2963 918 2984 om.
939 2952 1050 2985 A.k.s.
1151 2948 1167 2975 f
1183 2947 1341 2995 προΐεντο
1363 2950 1397 2984 S.
1429 2949 1629 2995 Legebatur

119 3001 286 3044 προεῖντο.
397 3006 413 3027 ἕ
432 3001 487 3046 ἐφ’
507 3003 660 3049 ἑαυτοὺς]
687 3003 745 3048 ὑφ’
767 3004 904 3038 ἑαυτοὺς
923 3017 949 3038 r.
985 3003 1036 3038 ἐπ’
1055 3004 1175 3039 αὐτοὺς
1195 3004 1305 3038 A.k.s.
