1882 3250
26 181 249 215 —212,22.
469 173 595 209 ΠΕΡΙ
626 173 742 210 ΤΩΝ
774 172 916 209 ΠΡΟΣ
951 172 1334 209 ΑΛΕΞΑΝΔΡΟΝ.
1571 171 1654 209 2525

938 279 1206 330 hwocofimv·
1251 278 1376 342 οἶμαι
1415 280 1508 344 γὰρ
1546 279 1647 330 iob-

1318 360 1328 386 1

141 302 245 340 νειν,
284 280 411 345 ε’ίπερ
449 281 561 331 αὐτὸ
599 280 899 342 πεπεισμένοι

139 361 215 411 δὲν
254 361 410 413 1(οὕτω
453 368 548 415 τοῖς
590 362 1038 428 δημοκρατουμένοις
1081 362 1274 426 πρέπειν

138 444 244 493 ἴσον
270 448 345 494 καὶ
370 445 424 494 τὸ
450 445 624 494 δίκαιον
650 442 942 507 σπουδάζειν.
995 446 1066 492 δεῖ
1094 444 1249 492 τοίνυν
1274 441 1380 494 τοὺς
1407 443 1514 492 λίαν
1540 441 1650 491 me'7r'

137 525 285 576 “αὐτὸ
323 533 712 592 παρακαλοῦντας
755 525 819 588 μὴ
859 529 925 593 τῷ
968 524 1052 587 μὲν
1095 524 1228 592 λόγῳ
1266 524 1743 590 καταχρωμένους2ι2

101 608 358 673 2ἐνοχλεῖν,
389 607 545 657 πάντα
583 607 631 658 δὲ
668 611 859 670 μᾶλλον
895 605 1131 672 πράττειν,
1171 607 1280 656 ἀλλ’
1315 607 1649 667 ὑπομείναντας

135 691 233 738 νυνὶ
273 689 356 739 τὸν
394 688 657 757 ἐξετασμὸν
696 687 724 751 ἢ
770 691 845 738 καὶ
886 687 940 738 τὸ
983 687 1152 738 λοιπὸν
1193 688 1490 748 πειθομένους
1530 691 1647 751 ὑμᾶς

131 771 250 838 ἔχειν
289 775 394 838 περὶ
439 774 604 834 αὐτῶν,
644 771 673 836 ἢ
711 770 1151 838 παραχωρήσαντας
1189 773 1267 820 ε’ἇν
1304 772 1645 833 συμβουλεύειν

129 852 235 907 τοὺς
262 855 588 921 οἀληθέστερα
621 857 727 920 περὶ
759 859 853 904 τῶν
879 856 1066 904 δικαίων
1092 854 1504 920 ἀποφαινομένους,
1533 856 1585 904 ἵν’
1614 854 1672 918 ἦε

129 937 308 989 ἑκόντες
346 938 635 999 ἀδικούμενοι
675 938 908 1004 ἀνέχησθε
948 940 1022 987 καὶ
1061 937 1173 987 αὐτὸ
1212 943 1350 987 τοῦτο
1389 939 1642 1003 χαρίζησθε

129 1023 195 1088 τῷ
229 1023 474 1082 ἀδικοῦντι,
505 1020 534 1085 ἢ
569 1019 876 1086 προελόμενοι
913 1022 1017 1086 περὶ
1056 1021 1285 1071 πλείστου
1318 1020 1640 1084 Ι)ποιήσασθαι

128 1103 181 1154 τὸ
208 1106 384 1155 δίκαιον
418 1105 718 1169 ἀνεγκλήτως
751 1103 870 1169 πρὸς
895 1101 1140 1155 (ἶᾶπαντας
1172 1111 1187 1129 f
1197 1107 1377 1170 χρῆσθε
1413 1108 1478 1171 τῷ
1509 1127 1634 1166 συμ-

87 1186 329 1254 3φέροντι,
367 1188 529 1251 μηκέτι
566 1187 838 1249 μέλλοντες.
905 1186 957 1253 ἐξ
991 1187 1144 1235 αὐτῶν
1177 1184 1225 1235 δὲ
1260 1191 1354 1236 τῶν
1389 1191 1638 1249 συνθηκῶν
1658 1215 1692 1234 10

126 1271 200 1318 καὶ
225 1274 319 1319 τῶν
345 1270 495 1334 ὅρκων
521 1269 860 1336 Ξσκεψαμένοις
891 1273 985 1317 τῶν
1018 1270 1123 1332 περὶ
1156 1271 1238 1330 τῆς
1273 1271 1427 1330 κοινῆς
1458 1269 1637 1334 εἰρήνης

125 1352 310 1420 ’ἔξεστιν
351 1356 459 1403 ἰδεῖν
496 1353 584 1416 ἤδη
621 1353 739 1405 τίνες
779 1354 896 1401 εἰσὶν
935 1354 977 1401 οἱ
1022 1351 1422 1415 παραβεβηκότες.
1489 1354 1550 1405 ὡς
1588 1352 1636 1403 δὲ

122 1439 226 1501 περὶ
252 1434 475 1500 μεγάλων
499 1435 744 1497 συντόμως
772 1434 961 1502 διδάξω.

84 1536 114 1574 4
198 1522 256 1567 Εἰ
290 1518 346 1581 δή
384 1541 453 1571 τις
484 1518 788 1583 ῑέρωτήσειεν
827 1519 956 1579 ὑμᾶς,
997 1515 1033 1566 ὦ
1071 1517 1234 1581 ἄνδρες
1267 1519 1524 1581 Ἀθηναῖοι,
1560 1520 1634 1569 ἐπὶ

121 1601 208 1650 τίνι
246 1599 305 1651 ἀν
341 1601 535 1662 μάλιστ’
570 1599 997 1666 11οἰγανακτήσαιτε,
1036 1599 1230 1650 Χεῖποιτ’
1273 1599 1331 1649 ἀν
1371 1601 1556 1662 πάντες,
1596 1602 1684 1653 ε’ίι5

120 1706 188 1736 τις
212 1683 503 1749 Ῡάναγκάζοι.
558 1683 710 1747 Ζοῖμαι
738 1686 792 1746 δ’,
820 1688 855 1733 εἰ
891 1682 1016 1746 ἦσαν
1051 1682 1170 1732 κατὰ
1197 1683 1280 1733 τὸν
1306 1686 1430 1733 ἱινυνὶ
1462 1683 1633 1751 χρόνον

120 1769 164 1816 οἱ
215 1768 604 1832 Πεισιστρατίδαι
654 1765 672 1792 b
691 1767 771 1816 καί
822 1789 890 1818 τις
940 1764 1145 1830 ἐβιάζετο
1196 1764 1414 1830 κατάγειν
1465 1767 1631 1819 αὐτοὺς

119 1850 288 1914 οδευρὶ,
327 1849 634 1914 ἁρπάσαντας
673 1848 731 1899 ἂν
775 1851 891 1911 ὑμᾶς
935 1848 994 1899 τὰ
1042 1849 1171 1898 ὅπλα
1217 1849 1373 1899 πάντα
1418 1851 1630 1901 κίνδυνον

1344 364 1406 414 ὡς
1448 364 1552 426 περὶ
1597 362 1682 414 τὸ5

119 1932 357 1994 ὑπομεῖναι
389 1934 490 1982 ἀντὶ
522 1938 604 1982 τοῦ
639 1931 1023 1998 ἀπαραδέξασθαι
1058 1930 1086 1994 ἢ
1119 1931 1396 1983 πεισθέντας
1429 1954 1483 1996 γε
1515 1936 1621 1983 δου-
1639 1958 1681 1980 20

118 2013 268 2063 λεύειν
298 2016 400 2064 ἀντὶ
433 2019 527 2064 τῶν
559 2013 915 2080 ἀργυρωνήτων,
942 2016 1016 2063 καὶ
1050 2014 1264 2081 τοσούτῳ
1297 2019 1498 2077 μᾶλλον,
1527 2015 1628 2084 ὅσῳ

113 2095 196 2146 τὸν
231 2096 316 2159 μὲν
349 2097 528 2159 οἰκέτην
561 2099 706 2150 οὐδεὶς
740 2096 797 2146 ἂν
832 2097 948 2147 ἑκὼν
983 2098 1276 2158 ἀποκτείνειε,
1311 2097 1417 2150 τοὺς
1453 2097 1501 2148 δὲ
1537 2121 1618 2148 τυ-

165 2285 187 2314 h
205 2290 380 2335 ποιοῦσιν]
405 2293 549 2324 ποιῶσιν
568 2292 609 2324 A.
708 2288 716 2315 i
738 2290 852 2335 οὐδὲν]
877 2291 954 2323 οὐδὲ
974 2293 1040 2323 τῶν
1060 2291 1100 2323 A.
1131 2290 1229 2323 οὐδὲν
1248 2293 1315 2323 τῶν
1335 2290 1450 2323 ἄλλων
1470 2293 1511 2324 Α.
1533 2303 1551 2324 a
1573 2303 1620 2325 m.

112 2353 181 2376 rec.
201 2348 387 2376 correctus.
462 2341 482 2368 k
503 2342 606 2389 οὕτω]
632 2342 738 2378 οὕτως
759 2344 793 2376 S.
874 2340 884 2367 1
905 2343 948 2378 ὡς
966 2343 1059 2388 περὶ]
1084 2342 1200 2386 ὥσπερ
1222 2344 1256 2377 S.
1280 2350 1313 2376 et
1334 2356 1385 2388 pr.
1404 2344 1443 2377 F.
1521 2350 1550 2368 111
1572 2343 1622 2378 ἐπ’

843 2393 851 2403 x

113 2410 212 2456 αὐτὸ]
237 2411 291 2445 ε’πὶ
309 2414 412 2445 ταῦτα
432 2414 472 2445 Α.
611 2418 630 2436 Π
651 2412 750 2457 αὐτὸ]
775 2405 858 2445 αὐτῇ
878 2411 916 2444 F.
947 2411 1030 2444 αὐτὰ
1052 2412 1087 2444 S.
1226 2417 1244 2436 0
1263 2412 1493 2458 ἀληθέστερα]
1517 2413 1619 2455 τάλη-

113 2463 256 2508 θέστερα
276 2465 316 2498 A.
418 2470 437 2498 P
457 2464 684 2509 ποιήσασθαι]
708 2465 863 2498 ποιεῖσθε
884 2465 925 2497 A.
962 2464 1041 2498 Hoc
1061 2471 1113 2498 est
1132 2466 1315 2505 ποιεῖσθαι,
1335 2471 1374 2498 ut
1393 2466 1429 2498 in
1449 2466 1524 2499 aliis
1545 2467 1620 2510 qui-

113 2515 259 2550 busdam
278 2517 458 2562 scriptum.
612 2525 631 2552 (1
651 2517 816 2562 ἅπαντας]
838 2516 967 2550 ἅπαντα
989 2517 1024 2549 S.
1172 2524 1184 2542 Γ
1204 2518 1353 2562 χρῆσθε]
1377 2519 1527 2561 χρῆσθαι
1549 2519 1620 2553 S.v.

113 2571 128 2591 S
149 2569 395 2615 σκεψαμένοις]
420 2571 656 2615 σκεψαμένους
678 2570 712 2603 S.
744 2571 984 2612 σκοπουμένοις
1009 2569 1178 2603 F.Y.O.v.
1260 2569 1273 2593 t
1295 2570 1494 2614 ἐρωτήσειεν
1514 2571 1614 2615 ὑμᾶς]

112 2619 196 2661 ὑμᾶς
215 2621 413 2666 ἐρωτήσειεν
432 2624 472 2656 Α.
504 2623 587 2666 ὑμᾶς
607 2635 664 2656 om
700 2624 734 2656 S.
891 2626 906 2641 ¹¹
927 2621 1194 2667 ἀγανακτήσαιτε
1216 2622 1303 2655 S.O.
1325 2628 1360 2655 et
1380 2629 1555 2656 correctus
1575 2623 1616 2657 Y.

110 2671 357 2717 ἀγανακτήσετε
377 2675 416 2708 F.
445 2675 698 2720 ἀγανακτήσητε
718 2687 749 2708 v.
846 2680 865 2699 X
885 2672 1003 2707 εἴποιτ’
1024 2673 1063 2707 ἂν
1082 2675 1204 2710 πάντες
1223 2676 1264 2714 Α,
1285 2675 1344 2720 qui
1365 2675 1438 2708 haec
1457 2676 1563 2709 verba
1581 2676 1616 2709 in

110 2726 266 2770 margine
294 2728 409 2772 posita
441 2729 558 2768 habet,
588 2741 665 2773 quae
695 2728 798 2772 plane
829 2727 961 2760 omittit
991 2727 1026 2760 S.
1079 2727 1277 2771 Legebatur
1308 2726 1425 2760 εἴποιτ’
1455 2727 1495 2760 ἂν
1524 2725 1616 2770 οἶμαι

108 2778 242 2813 πάντες.
372 2786 389 2813 Y
409 2780 602 2825 ἀναγκάζοι]
625 2781 803 2824 ἀναγκάζοι
821 2778 861 2812 ἂν
883 2779 957 2813 F.v.
1090 2785 1106 2803 Ζ
1128 2777 1220 2823 οἶμαι
1241 2792 1282 2813 ex
1302 2781 1399 2819 A.S.‚
1421 2779 1449 2813 δ’
1470 2793 1512 2814 ex
1533 2793 1615 2814 eon-

105 2829 240 2873 jectura
258 2833 385 2866 addidi.
508 2839 526 2858 a
546 2833 633 2877 νυνὶ]
660 2836 717 2866 νῦν
738 2833 823 2866 FX.
846 2844 917 2866 om.
939 2844 970 2865 v.
1093 2828 1112 2856 b
1133 2832 1202 2877 καί]
1227 2834 1279 2865 καὶ
1299 2832 1330 2866 εἴ
1348 2833 1424 2867 F.v.
1447 2840 1482 2867 et
1502 2846 1552 2879 pr.
1570 2834 1612 2868 Y.

108 2887 125 2906 ⁰
144 2882 252 2929 δευρὶ]
276 2884 363 2930 δευρ’
380 2886 409 2918 εἰ
430 2886 464 2919 S.
575 2883 593 2909 d
613 2884 868 2929 παραδέξασθαι
886 2885 969 2918 AS.
999 2886 1251 2928 παραδέχεσθαι
1269 2885 1387 2930 vulgo.

164 2956 261 2983 VOL.
282 2959 312 2986 1.
828 2960 852 2984 G
875 2961 903 2999 g
