<?xml version="1.0" encoding="UTF-8"?>
<!DOCTYPE html PUBLIC "-//W3C//DTD XHTML 1.0 Transitional//EN"
    "http://www.w3.org/TR/xhtml1/DTD/xhtml1-transitional.dtd">
<html xmlns="http://www.w3.org/1999/xhtml" xml:lang="en" lang="en">
 <head>
  <title>
</title>
<meta http-equiv="Content-Type" content="text/html;charset=utf-8" />
  <meta name='ocr-system' content='tesseract 3.04.00' />
  <meta name='ocr-capabilities' content='ocr_page ocr_carea ocr_par ocr_line ocrx_word'/>
</head>
<body>
  <div class='ocr_page' id='page_1' title='image "./operaexrecension01demouoft_0021.png"; bbox 0 0 1882 3250; ppageno 0'>
   <div class='ocr_carea' id='block_1_1' title="bbox 653 170 1579 210">
    <p class='ocr_par' dir='ltr' id='par_1_1' title="bbox 653 170 1579 210">
     <span class='ocr_line' id='line_1_1' title="bbox 653 170 1579 210; baseline 0 -1"><span class='ocrx_word' id='word_1_1' title='bbox 653 170 994 209; x_wconf 83' lang='lat' dir='ltr'><strong>PRAEFATIO</strong></span> <span class='ocrx_word' id='word_1_2' title='bbox 1495 170 1579 210; x_wconf 88' lang='lat' dir='ltr'>xvii</span> 
     </span>
    </p>
   </div>
   <div class='ocr_carea' id='block_1_2' title="bbox 67 280 1599 2930">
    <p class='ocr_par' dir='ltr' id='par_1_2' title="bbox 67 280 1582 722">
     <span class='ocr_line' id='line_1_2' title="bbox 69 280 1580 347; baseline -0.002 -19"><span class='ocrx_word' id='word_1_3' title='bbox 69 283 271 347; x_wconf 90' lang='lat' dir='ltr'>bycinus</span> <span class='ocrx_word' id='word_1_4' title='bbox 307 283 451 328; x_wconf 89' lang='lat' dir='ltr'>seculi</span> <span class='ocrx_word' id='word_1_5' title='bbox 478 282 633 344; x_wconf 87' lang='lat' dir='ltr'>quarti</span> <span class='ocrx_word' id='word_1_6' title='bbox 660 281 852 338; x_wconf 78' lang='lat' dir='ltr'>decimi,</span> <span class='ocrx_word' id='word_1_7' title='bbox 876 282 1030 326; x_wconf 84' lang='lat' dir='ltr'>forma</span> <span class='ocrx_word' id='word_1_8' title='bbox 1054 280 1300 342; x_wconf 76' lang='lat' dir='ltr'>quadrata,</span> <span class='ocrx_word' id='word_1_9' title='bbox 1325 281 1449 326; x_wconf 91' lang='lat' dir='ltr'>foliis</span> <span class='ocrx_word' id='word_1_10' title='bbox 1475 291 1580 343; x_wconf 83' lang='grc'><strong>389.</strong></span> 
     </span>
     <span class='ocr_line' id='line_1_3' title="bbox 67 356 1579 419; baseline -0.001 -15"><span class='ocrx_word' id='word_1_11' title='bbox 67 359 279 406; x_wconf 85' lang='lat' dir='ltr'>versibus</span> <span class='ocrx_word' id='word_1_12' title='bbox 305 375 529 419; x_wconf 86' lang='grc' dir='ltr'><strong>35.-4Ο.</strong></span> <span class='ocrx_word' id='word_1_13' title='bbox 555 359 613 403; x_wconf 82' lang='lat' dir='ltr'>ab</span> <span class='ocrx_word' id='word_1_14' title='bbox 636 358 774 403; x_wconf 89' lang='lat' dir='ltr'>initio</span> <span class='ocrx_word' id='word_1_15' title='bbox 799 358 1009 402; x_wconf 89' lang='lat' dir='ltr'>mutilus.</span> <span class='ocrx_word' id='word_1_16' title='bbox 1078 357 1251 402; x_wconf 85' lang='lat' dir='ltr'>Insunt</span> <span class='ocrx_word' id='word_1_17' title='bbox 1274 356 1509 401; x_wconf 90' lang='lat' dir='ltr'>orationes</span> <span class='ocrx_word' id='word_1_18' title='bbox 1533 373 1579 414; x_wconf 91' lang='grc'>4.</span> 
     </span>
     <span class='ocr_line' id='line_1_4' title="bbox 69 432 1582 496; baseline -0.002 -16"><span class='ocrx_word' id='word_1_19' title='bbox 69 437 260 481; x_wconf 83' lang='grc'><strong>6.-11,</strong></span> <span class='ocrx_word' id='word_1_20' title='bbox 289 451 364 495; x_wconf 93' lang='grc'>23.</span> <span class='ocrx_word' id='word_1_21' title='bbox 398 436 468 480; x_wconf 91' lang='grc'>18.</span> <span class='ocrx_word' id='word_1_22' title='bbox 496 452 571 480; x_wconf 86' lang='grc' dir='ltr'>2ο.</span> <span class='ocrx_word' id='word_1_23' title='bbox 597 448 675 495; x_wconf 90' lang='grc'>54.</span> <span class='ocrx_word' id='word_1_24' title='bbox 702 438 831 496; x_wconf 91' lang='lat' dir='ltr'>(post</span> <span class='ocrx_word' id='word_1_25' title='bbox 855 450 999 494; x_wconf 90' lang='lat' dir='ltr'>quam</span> <span class='ocrx_word' id='word_1_26' title='bbox 1037 432 1224 477; x_wconf 81' lang='lat' dir='ltr'>insertae</span> <span class='ocrx_word' id='word_1_27' title='bbox 1261 440 1372 476; x_wconf 87' lang='lat' dir='ltr'>sunt</span> <span class='ocrx_word' id='word_1_28' title='bbox 1393 432 1582 477; x_wconf 56' lang='grc'><strong>3356111-</strong></span> 
     </span>
     <span class='ocr_line' id='line_1_5' title="bbox 70 509 1581 571; baseline -0.002 -16"><span class='ocrx_word' id='word_1_29' title='bbox 70 510 142 556; x_wconf 90' lang='lat' dir='ltr'>nis</span> <span class='ocrx_word' id='word_1_30' title='bbox 163 510 398 555; x_wconf 83' lang='lat' dir='ltr'>orationes</span> <span class='ocrx_word' id='word_1_31' title='bbox 425 510 560 566; x_wconf 85' lang='lat' dir='ltr'>duae.)</span> <span class='ocrx_word' id='word_1_32' title='bbox 595 527 665 571; x_wconf 87' lang='lat'>19.</span> <span class='ocrx_word' id='word_1_33' title='bbox 695 527 768 555; x_wconf 91' lang='grc'>21.</span> <span class='ocrx_word' id='word_1_34' title='bbox 799 526 873 554; x_wconf 88' lang='grc'>22.</span> <span class='ocrx_word' id='word_1_35' title='bbox 902 524 976 566; x_wconf 93' lang='grc'>24.</span> <span class='ocrx_word' id='word_1_36' title='bbox 1004 522 1078 568; x_wconf 92' lang='grc'>25.</span> <span class='ocrx_word' id='word_1_37' title='bbox 1107 509 1181 553; x_wconf 91' lang='grc'>26.</span> <span class='ocrx_word' id='word_1_38' title='bbox 1207 516 1315 570; x_wconf 87' lang='lat' dir='ltr'>post</span> <span class='ocrx_word' id='word_1_39' title='bbox 1339 525 1483 569; x_wconf 88' lang='lat' dir='ltr'>quam</span> <span class='ocrx_word' id='word_1_40' title='bbox 1512 526 1581 553; x_wconf 87' lang='lat' dir='ltr'>se-</span> 
     </span>
     <span class='ocr_line' id='line_1_6' title="bbox 71 582 1582 648; baseline -0.003 -17"><span class='ocrx_word' id='word_1_41' title='bbox 71 594 284 648; x_wconf 85' lang='lat' dir='ltr'>quuntur</span> <span class='ocrx_word' id='word_1_42' title='bbox 307 586 445 648; x_wconf 87' lang='lat' dir='ltr'>plura</span> <span class='ocrx_word' id='word_1_43' title='bbox 469 586 668 631; x_wconf 88' lang='lat' dir='ltr'>aliorum</span> <span class='ocrx_word' id='word_1_44' title='bbox 695 585 884 647; x_wconf 85' lang='lat' dir='ltr'>scripta.</span> <span class='ocrx_word' id='word_1_45' title='bbox 925 583 1142 630; x_wconf 84' lang='lat' dir='ltr'>Collatus</span> <span class='ocrx_word' id='word_1_46' title='bbox 1167 592 1238 628; x_wconf 88' lang='lat' dir='ltr'>est</span> <span class='ocrx_word' id='word_1_47' title='bbox 1262 582 1321 628; x_wconf 91' lang='lat' dir='ltr'>ad</span> <span class='ocrx_word' id='word_1_48' title='bbox 1346 583 1582 628; x_wconf 86' lang='lat' dir='ltr'>orationes</span> 
     </span>
     <span class='ocr_line' id='line_1_7' title="bbox 74 662 539 722; baseline -0.002 -17"><span class='ocrx_word' id='word_1_49' title='bbox 74 678 148 722; x_wconf 83' lang='lat'>23.</span> <span class='ocrx_word' id='word_1_50' title='bbox 180 662 250 706; x_wconf 85' lang='lat'>18.</span> <span class='ocrx_word' id='word_1_51' title='bbox 275 670 322 705; x_wconf 88' lang='lat' dir='ltr'>et</span> <span class='ocrx_word' id='word_1_52' title='bbox 347 670 539 706; x_wconf 84' lang='lat' dir='ltr'>ceteras.</span> 
     </span>
    </p>

    <p class='ocr_par' dir='ltr' id='par_1_3' title="bbox 72 734 1586 1406">
     <span class='ocr_line' id='line_1_8' title="bbox 135 734 1584 798; baseline -0.001 -18"><span class='ocrx_word' id='word_1_53' title='bbox 135 753 170 782; x_wconf 77' lang='grc' dir='ltr'>ι’.</span> <span class='ocrx_word' id='word_1_54' title='bbox 207 736 483 781; x_wconf 88' lang='lat' dir='ltr'>Parisiensis</span> <span class='ocrx_word' id='word_1_55' title='bbox 520 735 676 798; x_wconf 79' lang='lat' dir='ltr'>regius</span> <span class='ocrx_word' id='word_1_56' title='bbox 716 737 857 797; x_wconf 88' lang='grc'><strong>2936.</strong></span> <span class='ocrx_word' id='word_1_57' title='bbox 897 735 1032 790; x_wconf 85' lang='grc'><strong>(011111</strong></span> <span class='ocrx_word' id='word_1_58' title='bbox 1057 737 1166 796; x_wconf 83' lang='grc'><strong>380.</strong></span> <span class='ocrx_word' id='word_1_59' title='bbox 1204 744 1251 779; x_wconf 85' lang='grc'>61</span> <span class='ocrx_word' id='word_1_60' title='bbox 1290 736 1430 780; x_wconf 93' lang='grc'><strong>2188.</strong></span> <span class='ocrx_word' id='word_1_61' title='bbox 1461 734 1584 779; x_wconf 85' lang='grc'><strong>111161·</strong></span> 
     </span>
     <span class='ocr_line' id='line_1_9' title="bbox 73 808 1585 873; baseline -0.003 -17"><span class='ocrx_word' id='word_1_62' title='bbox 73 811 378 858; x_wconf 80' lang='lat' dir='ltr'>Colbertinos</span> <span class='ocrx_word' id='word_1_63' title='bbox 409 813 551 873; x_wconf 85' lang='lat'><em>3769.</em></span> <span class='ocrx_word' id='word_1_64' title='bbox 589 811 638 855; x_wconf 91' lang='lat' dir='ltr'>in</span> <span class='ocrx_word' id='word_1_65' title='bbox 676 810 892 872; x_wconf 81' lang='lat' dir='ltr'>catalogo</span> <span class='ocrx_word' id='word_1_66' title='bbox 929 808 1150 854; x_wconf 89' lang='lat' dir='ltr'>codicum</span> <span class='ocrx_word' id='word_1_67' title='bbox 1185 808 1461 854; x_wconf 80' lang='lat' dir='ltr'>Graecorum</span> <span class='ocrx_word' id='word_1_68' title='bbox 1497 808 1585 853; x_wconf 80' lang='lat' dir='ltr'>Ni-</span> 
     </span>
     <span class='ocr_line' id='line_1_10' title="bbox 72 883 1586 950; baseline -0.002 -18"><span class='ocrx_word' id='word_1_69' title='bbox 72 886 191 932; x_wconf 90' lang='lat' dir='ltr'>colai</span> <span class='ocrx_word' id='word_1_70' title='bbox 217 886 461 950; x_wconf 85' lang='lat' dir='ltr'>Rodulphi</span> <span class='ocrx_word' id='word_1_71' title='bbox 488 886 739 932; x_wconf 88' lang='lat' dir='ltr'>cardinalis</span> <span class='ocrx_word' id='word_1_72' title='bbox 771 887 864 947; x_wconf 82' lang='lat'>17.)</span> <span class='ocrx_word' id='word_1_73' title='bbox 896 885 1290 930; x_wconf 83' lang='lat' dir='ltr'>membranaceus</span> <span class='ocrx_word' id='word_1_74' title='bbox 1329 884 1473 929; x_wconf 89' lang='lat' dir='ltr'>seculi</span> <span class='ocrx_word' id='word_1_75' title='bbox 1506 883 1586 929; x_wconf 89' lang='lat' dir='ltr'>de-</span> 
     </span>
     <span class='ocr_line' id='line_1_11' title="bbox 72 959 1585 1022; baseline -0.003 -13"><span class='ocrx_word' id='word_1_76' title='bbox 72 963 183 1009; x_wconf 90' lang='lat' dir='ltr'>cimi</span> <span class='ocrx_word' id='word_1_77' title='bbox 221 963 362 1019; x_wconf 80' lang='lat' dir='ltr'>tertii,</span> <span class='ocrx_word' id='word_1_78' title='bbox 388 963 540 1009; x_wconf 86' lang='lat' dir='ltr'>forma</span> <span class='ocrx_word' id='word_1_79' title='bbox 566 962 793 1018; x_wconf 74' lang='lat' dir='ltr'>maxima,</span> <span class='ocrx_word' id='word_1_80' title='bbox 819 961 943 1007; x_wconf 89' lang='lat' dir='ltr'>foliis</span> <span class='ocrx_word' id='word_1_81' title='bbox 972 962 1079 1022; x_wconf 88' lang='grc'><strong>283.</strong></span> <span class='ocrx_word' id='word_1_82' title='bbox 1129 960 1384 1006; x_wconf 78' lang='lat' dir='ltr'>Orationes</span> <span class='ocrx_word' id='word_1_83' title='bbox 1421 959 1585 1005; x_wconf 87' lang='lat' dir='ltr'>insunt</span> 
     </span>
     <span class='ocr_line' id='line_1_12' title="bbox 73 1037 1584 1103; baseline -0.002 -17"><span class='ocrx_word' id='word_1_84' title='bbox 73 1049 255 1103; x_wconf 82' lang='lat' dir='ltr'>septem</span> <span class='ocrx_word' id='word_1_85' title='bbox 285 1050 331 1085; x_wconf 90' lang='lat' dir='ltr'>et</span> <span class='ocrx_word' id='word_1_86' title='bbox 350 1040 700 1103; x_wconf 79' lang='lat' dir='ltr'>quinquaginta</span> <span class='ocrx_word' id='word_1_87' title='bbox 725 1039 817 1084; x_wconf 88' lang='lat' dir='ltr'>hoc</span> <span class='ocrx_word' id='word_1_88' title='bbox 838 1037 1002 1083; x_wconf 84' lang='lat' dir='ltr'>ordine</span> <span class='ocrx_word' id='word_1_89' title='bbox 1035 1053 1171 1095; x_wconf 81' lang='grc'><strong>1-4,</strong></span> <span class='ocrx_word' id='word_1_90' title='bbox 1193 1039 1234 1082; x_wconf 93' lang='grc'>6.</span> <span class='ocrx_word' id='word_1_91' title='bbox 1262 1055 1305 1099; x_wconf 88' lang='lat'>9.</span> <span class='ocrx_word' id='word_1_92' title='bbox 1339 1054 1410 1082; x_wconf 90' lang='lat'>10.</span> <span class='ocrx_word' id='word_1_93' title='bbox 1443 1053 1512 1082; x_wconf 89' lang='lat'>11.</span> <span class='ocrx_word' id='word_1_94' title='bbox 1543 1038 1584 1083; x_wconf 94' lang='grc'><strong>8.</strong></span> 
     </span>
     <span class='ocr_line' id='line_1_13' title="bbox 75 1115 1585 1178; baseline -0.001 -17"><span class='ocrx_word' id='word_1_95' title='bbox 75 1131 117 1178; x_wconf 91' lang='lat'>7.</span> <span class='ocrx_word' id='word_1_96' title='bbox 156 1129 200 1176; x_wconf 88' lang='lat'>5.</span> <span class='ocrx_word' id='word_1_97' title='bbox 240 1133 313 1161; x_wconf 88' lang='grc'>22.</span> <span class='ocrx_word' id='word_1_98' title='bbox 354 1132 428 1174; x_wconf 93' lang='grc'>24.</span> <span class='ocrx_word' id='word_1_99' title='bbox 462 1133 634 1178; x_wconf 88' lang='grc'><strong>13.14.</strong></span> <span class='ocrx_word' id='word_1_100' title='bbox 668 1130 738 1177; x_wconf 93' lang='grc'>15.</span> <span class='ocrx_word' id='word_1_101' title='bbox 771 1116 946 1161; x_wconf 91' lang='grc'><strong>16.18.</strong></span> <span class='ocrx_word' id='word_1_102' title='bbox 980 1131 1050 1176; x_wconf 92' lang='grc'>19.</span> <span class='ocrx_word' id='word_1_103' title='bbox 1086 1131 1161 1160; x_wconf 82' lang='grc' dir='ltr'>2ο.</span> <span class='ocrx_word' id='word_1_104' title='bbox 1195 1131 1269 1159; x_wconf 90' lang='grc'><strong>21.</strong></span> <span class='ocrx_word' id='word_1_105' title='bbox 1304 1126 1379 1174; x_wconf 91' lang='grc'>25.</span> <span class='ocrx_word' id='word_1_106' title='bbox 1408 1115 1480 1158; x_wconf 90' lang='grc'><strong>26.</strong></span> <span class='ocrx_word' id='word_1_107' title='bbox 1510 1130 1585 1174; x_wconf 90' lang='grc'>23.</span> 
     </span>
     <span class='ocr_line' id='line_1_14' title="bbox 73 1190 1584 1254; baseline -0.001 -18"><span class='ocrx_word' id='word_1_108' title='bbox 73 1205 150 1254; x_wconf 87' lang='grc'>59.</span> <span class='ocrx_word' id='word_1_109' title='bbox 177 1193 253 1237; x_wconf 88' lang='lat'>61.</span> <span class='ocrx_word' id='word_1_110' title='bbox 283 1193 359 1238; x_wconf 89' lang='lat'>60.</span> <span class='ocrx_word' id='word_1_111' title='bbox 391 1209 462 1238; x_wconf 83' lang='lat'>12.</span> <span class='ocrx_word' id='word_1_112' title='bbox 489 1206 566 1254; x_wconf 88' lang='grc'>54.</span> <span class='ocrx_word' id='word_1_113' title='bbox 594 1207 670 1253; x_wconf 89' lang='grc'>55.</span> <span class='ocrx_word' id='word_1_114' title='bbox 696 1194 775 1250; x_wconf 87' lang='grc'>48.</span> <span class='ocrx_word' id='word_1_115' title='bbox 802 1193 878 1252; x_wconf 86' lang='grc'>56.</span> <span class='ocrx_word' id='word_1_116' title='bbox 907 1204 1128 1252; x_wconf 81' lang='lat'>27.—31.</span> <span class='ocrx_word' id='word_1_117' title='bbox 1166 1204 1242 1251; x_wconf 84' lang='lat'>37.</span> <span class='ocrx_word' id='word_1_118' title='bbox 1281 1204 1357 1250; x_wconf 86' lang='grc'>35.</span> <span class='ocrx_word' id='word_1_119' title='bbox 1394 1190 1470 1250; x_wconf 85' lang='grc'>38.</span> <span class='ocrx_word' id='word_1_120' title='bbox 1508 1205 1584 1250; x_wconf 88' lang='grc'>34.</span> 
     </span>
     <span class='ocr_line' id='line_1_15' title="bbox 74 1270 1586 1330; baseline 0 -18"><span class='ocrx_word' id='word_1_121' title='bbox 74 1285 152 1329; x_wconf 85' lang='grc'>32.</span> <span class='ocrx_word' id='word_1_122' title='bbox 190 1270 266 1329; x_wconf 90' lang='grc'>36.</span> <span class='ocrx_word' id='word_1_123' title='bbox 307 1285 383 1330; x_wconf 88' lang='grc'>33.</span> <span class='ocrx_word' id='word_1_124' title='bbox 416 1284 485 1330; x_wconf 86' lang='lat'>17.</span> <span class='ocrx_word' id='word_1_125' title='bbox 521 1282 598 1330; x_wconf 87' lang='lat'>51.</span> <span class='ocrx_word' id='word_1_126' title='bbox 629 1284 709 1330; x_wconf 88' lang='grc'>43.</span> <span class='ocrx_word' id='word_1_127' title='bbox 735 1284 814 1326; x_wconf 82' lang='grc'>44.</span> <span class='ocrx_word' id='word_1_128' title='bbox 853 1285 931 1329; x_wconf 86' lang='grc'>39.</span> <span class='ocrx_word' id='word_1_129' title='bbox 957 1282 1035 1325; x_wconf 82' lang='grc' dir='ltr'>4ο.</span> <span class='ocrx_word' id='word_1_130' title='bbox 1062 1282 1139 1324; x_wconf 87' lang='grc'>41.</span> <span class='ocrx_word' id='word_1_131' title='bbox 1165 1281 1243 1327; x_wconf 86' lang='grc'>49.</span> <span class='ocrx_word' id='word_1_132' title='bbox 1281 1282 1358 1327; x_wconf 89' lang='grc'>53.</span> <span class='ocrx_word' id='word_1_133' title='bbox 1392 1281 1471 1323; x_wconf 88' lang='grc'>42.</span> <span class='ocrx_word' id='word_1_134' title='bbox 1509 1280 1586 1326; x_wconf 83' lang='grc' dir='ltr'>5ο.</span> 
     </span>
     <span class='ocr_line' id='line_1_16' title="bbox 76 1344 608 1406; baseline 0.002 -18"><span class='ocrx_word' id='word_1_135' title='bbox 76 1358 152 1406; x_wconf 87' lang='lat'>57.</span> <span class='ocrx_word' id='word_1_136' title='bbox 179 1345 254 1404; x_wconf 90' lang='grc'>58.</span> <span class='ocrx_word' id='word_1_137' title='bbox 279 1353 325 1389; x_wconf 89' lang='grc'>61</span> <span class='ocrx_word' id='word_1_138' title='bbox 352 1344 608 1390; x_wconf 85' lang='lat' dir='ltr'>Prooemia.</span> 
     </span>
    </p>

    <p class='ocr_par' dir='ltr' id='par_1_4' title="bbox 74 1418 1593 2454">
     <span class='ocr_line' id='line_1_17' title="bbox 140 1418 1587 1482; baseline -0.001 -18"><span class='ocrx_word' id='word_1_139' title='bbox 140 1420 214 1465; x_wconf 92' lang='lat' dir='ltr'>De</span> <span class='ocrx_word' id='word_1_140' title='bbox 251 1420 353 1465; x_wconf 89' lang='lat' dir='ltr'>aliis</span> <span class='ocrx_word' id='word_1_141' title='bbox 387 1420 675 1482; x_wconf 83' lang='lat' dir='ltr'>quibusdam</span> <span class='ocrx_word' id='word_1_142' title='bbox 712 1419 957 1465; x_wconf 82' lang='lat' dir='ltr'>codicibus</span> <span class='ocrx_word' id='word_1_143' title='bbox 992 1420 1050 1464; x_wconf 89' lang='lat' dir='ltr'>ab</span> <span class='ocrx_word' id='word_1_144' title='bbox 1084 1418 1329 1465; x_wconf 87' lang='lat' dir='ltr'>Guliehno</span> <span class='ocrx_word' id='word_1_145' title='bbox 1365 1418 1587 1475; x_wconf 62' lang='lat' dir='ltr'>lssorelio,</span> 
     </span>
     <span class='ocr_line' id='line_1_18' title="bbox 74 1495 1585 1559; baseline -0.002 -17"><span class='ocrx_word' id='word_1_146' title='bbox 74 1496 133 1542; x_wconf 92' lang='lat' dir='ltr'>D.</span> <span class='ocrx_word' id='word_1_147' title='bbox 150 1495 403 1551; x_wconf 69' lang='lat' dir='ltr'>LambinQ</span> <span class='ocrx_word' id='word_1_148' title='bbox 425 1496 759 1552; x_wconf 58' lang='lat' dir='ltr'>BIounteneio,</span> <span class='ocrx_word' id='word_1_149' title='bbox 775 1496 998 1559; x_wconf 63' lang='lat' dir='ltr'>Tayloro‚</span> <span class='ocrx_word' id='word_1_150' title='bbox 1020 1495 1216 1541; x_wconf 86' lang='lat' dir='ltr'>Reiskio</span> <span class='ocrx_word' id='word_1_151' title='bbox 1233 1495 1431 1556; x_wconf 86' lang='lat' dir='ltr'>aliisque</span> <span class='ocrx_word' id='word_1_152' title='bbox 1452 1512 1585 1540; x_wconf 89' lang='lat' dir='ltr'>usur-</span> 
     </span>
     <span class='ocr_line' id='line_1_19' title="bbox 74 1571 1587 1635; baseline 0.001 -19"><span class='ocrx_word' id='word_1_153' title='bbox 74 1572 197 1635; x_wconf 89' lang='lat' dir='ltr'>patis</span> <span class='ocrx_word' id='word_1_154' title='bbox 228 1571 277 1617; x_wconf 90' lang='lat' dir='ltr'>in</span> <span class='ocrx_word' id='word_1_155' title='bbox 311 1572 400 1617; x_wconf 90' lang='lat' dir='ltr'>alia</span> <span class='ocrx_word' id='word_1_156' title='bbox 430 1572 573 1633; x_wconf 84' lang='lat' dir='ltr'>hujus</span> <span class='ocrx_word' id='word_1_157' title='bbox 609 1572 830 1618; x_wconf 83' lang='lat' dir='ltr'>editionis</span> <span class='ocrx_word' id='word_1_158' title='bbox 866 1581 1000 1635; x_wconf 87' lang='lat' dir='ltr'>parte</span> <span class='ocrx_word' id='word_1_159' title='bbox 1030 1572 1235 1618; x_wconf 85' lang='lat' dir='ltr'>breviter</span> <span class='ocrx_word' id='word_1_160' title='bbox 1259 1571 1416 1617; x_wconf 79' lang='lat' dir='ltr'>dicere</span> <span class='ocrx_word' id='word_1_161' title='bbox 1442 1572 1587 1617; x_wconf 90' lang='lat' dir='ltr'>satius</span> 
     </span>
     <span class='ocr_line' id='line_1_20' title="bbox 75 1648 1590 1711; baseline 0.001 -18"><span class='ocrx_word' id='word_1_162' title='bbox 75 1648 176 1694; x_wconf 87' lang='lat' dir='ltr'>erit.</span> <span class='ocrx_word' id='word_1_163' title='bbox 247 1648 372 1693; x_wconf 79' lang='lat' dir='ltr'>Nam</span> <span class='ocrx_word' id='word_1_164' title='bbox 412 1660 728 1711; x_wconf 81' lang='lat' dir='ltr'>praeterquam</span> <span class='ocrx_word' id='word_1_165' title='bbox 754 1648 883 1710; x_wconf 92' lang='lat' dir='ltr'>quod</span> <span class='ocrx_word' id='word_1_166' title='bbox 920 1665 1014 1693; x_wconf 91' lang='lat' dir='ltr'>non</span> <span class='ocrx_word' id='word_1_167' title='bbox 1052 1648 1187 1711; x_wconf 87' lang='lat' dir='ltr'>pauci</span> <span class='ocrx_word' id='word_1_168' title='bbox 1226 1649 1349 1693; x_wconf 90' lang='lat' dir='ltr'>inter</span> <span class='ocrx_word' id='word_1_169' title='bbox 1374 1666 1452 1693; x_wconf 90' lang='lat' dir='ltr'>eos</span> <span class='ocrx_word' id='word_1_170' title='bbox 1479 1657 1590 1694; x_wconf 90' lang='lat' dir='ltr'>sunt</span> 
     </span>
     <span class='ocr_line' id='line_1_21' title="bbox 77 1724 1587 1786; baseline 0.001 -18"><span class='ocrx_word' id='word_1_171' title='bbox 77 1740 280 1786; x_wconf 87' lang='lat' dir='ltr'>quorum</span> <span class='ocrx_word' id='word_1_172' title='bbox 307 1732 415 1786; x_wconf 87' lang='lat' dir='ltr'>post</span> <span class='ocrx_word' id='word_1_173' title='bbox 438 1742 661 1769; x_wconf 83' lang='lat' dir='ltr'>excussos</span> <span class='ocrx_word' id='word_1_174' title='bbox 686 1734 758 1770; x_wconf 89' lang='lat' dir='ltr'>tot</span> <span class='ocrx_word' id='word_1_175' title='bbox 782 1724 990 1769; x_wconf 86' lang='lat' dir='ltr'>melioris</span> <span class='ocrx_word' id='word_1_176' title='bbox 1021 1734 1143 1770; x_wconf 84' lang='lat' dir='ltr'>notae</span> <span class='ocrx_word' id='word_1_177' title='bbox 1179 1724 1324 1770; x_wconf 85' lang='lat' dir='ltr'>libros</span> <span class='ocrx_word' id='word_1_178' title='bbox 1357 1742 1468 1770; x_wconf 88' lang='lat' dir='ltr'>usus</span> <span class='ocrx_word' id='word_1_179' title='bbox 1503 1725 1587 1770; x_wconf 89' lang='lat' dir='ltr'>ho-</span> 
     </span>
     <span class='ocr_line' id='line_1_22' title="bbox 77 1799 1587 1863; baseline 0.001 -19"><span class='ocrx_word' id='word_1_180' title='bbox 77 1799 153 1844; x_wconf 90' lang='lat' dir='ltr'>die</span> <span class='ocrx_word' id='word_1_181' title='bbox 178 1800 258 1844; x_wconf 83' lang='lat' dir='ltr'>vix</span> <span class='ocrx_word' id='word_1_182' title='bbox 284 1800 408 1845; x_wconf 90' lang='lat' dir='ltr'>ullus</span> <span class='ocrx_word' id='word_1_183' title='bbox 435 1800 510 1857; x_wconf 82' lang='grc'><strong>511,</strong></span> <span class='ocrx_word' id='word_1_184' title='bbox 534 1810 667 1846; x_wconf 88' lang='lat' dir='ltr'>tanta</span> <span class='ocrx_word' id='word_1_185' title='bbox 703 1801 919 1863; x_wconf 84' lang='lat' dir='ltr'>plerique</span> <span class='ocrx_word' id='word_1_186' title='bbox 950 1800 1241 1863; x_wconf 75' lang='lat' dir='ltr'>negligentia</span> <span class='ocrx_word' id='word_1_187' title='bbox 1267 1809 1378 1845; x_wconf 89' lang='lat' dir='ltr'>sunt</span> <span class='ocrx_word' id='word_1_188' title='bbox 1401 1801 1587 1846; x_wconf 88' lang='lat' dir='ltr'>tractati</span> 
     </span>
     <span class='ocr_line' id='line_1_23' title="bbox 77 1875 1588 1938; baseline 0.001 -18"><span class='ocrx_word' id='word_1_189' title='bbox 77 1883 130 1920; x_wconf 90' lang='lat' dir='ltr'>ut</span> <span class='ocrx_word' id='word_1_190' title='bbox 165 1892 270 1937; x_wconf 84' lang='lat' dir='ltr'>quae</span> <span class='ocrx_word' id='word_1_191' title='bbox 306 1885 575 1938; x_wconf 82' lang='lat' dir='ltr'>prostarent</span> <span class='ocrx_word' id='word_1_192' title='bbox 613 1877 876 1922; x_wconf 87' lang='lat' dir='ltr'>lectionum</span> <span class='ocrx_word' id='word_1_193' title='bbox 913 1884 1137 1938; x_wconf 82' lang='lat' dir='ltr'>excerpta</span> <span class='ocrx_word' id='word_1_194' title='bbox 1176 1875 1293 1921; x_wconf 90' lang='lat' dir='ltr'>meis</span> <span class='ocrx_word' id='word_1_195' title='bbox 1329 1875 1588 1921; x_wconf 85' lang='lat' dir='ltr'>immisceri</span> 
     </span>
     <span class='ocr_line' id='line_1_24' title="bbox 79 1952 1589 2014; baseline 0.001 -18"><span class='ocrx_word' id='word_1_196' title='bbox 79 1969 176 1996; x_wconf 90' lang='lat' dir='ltr'>non</span> <span class='ocrx_word' id='word_1_197' title='bbox 208 1952 453 2014; x_wconf 86' lang='lat' dir='ltr'>potuerint</span> <span class='ocrx_word' id='word_1_198' title='bbox 486 1953 893 2009; x_wconf 74' lang='lat' dir='ltr'>annotationibus,</span> <span class='ocrx_word' id='word_1_199' title='bbox 920 1952 967 1997; x_wconf 92' lang='lat' dir='ltr'>in</span> <span class='ocrx_word' id='word_1_200' title='bbox 994 1952 1169 2013; x_wconf 89' lang='lat' dir='ltr'>quibus</span> <span class='ocrx_word' id='word_1_201' title='bbox 1207 1953 1331 1998; x_wconf 81' lang='lat' dir='ltr'>lianc</span> <span class='ocrx_word' id='word_1_202' title='bbox 1368 1953 1488 1998; x_wconf 88' lang='grc'><strong>1111111</strong></span> <span class='ocrx_word' id='word_1_203' title='bbox 1526 1954 1589 1999; x_wconf 89' lang='grc'>16-</span> 
     </span>
     <span class='ocr_line' id='line_1_25' title="bbox 79 2027 1591 2090; baseline 0 -16"><span class='ocrx_word' id='word_1_204' title='bbox 79 2044 185 2090; x_wconf 81' lang='lat' dir='ltr'>gem</span> <span class='ocrx_word' id='word_1_205' title='bbox 226 2027 390 2090; x_wconf 88' lang='lat' dir='ltr'>scripsi</span> <span class='ocrx_word' id='word_1_206' title='bbox 429 2036 480 2073; x_wconf 91' lang='lat' dir='ltr'>ut</span> <span class='ocrx_word' id='word_1_207' title='bbox 517 2046 683 2074; x_wconf 91' lang='lat' dir='ltr'>eorum</span> <span class='ocrx_word' id='word_1_208' title='bbox 716 2038 904 2073; x_wconf 88' lang='lat' dir='ltr'>tantum</span> <span class='ocrx_word' id='word_1_209' title='bbox 940 2038 1097 2073; x_wconf 88' lang='lat' dir='ltr'>uterer</span> <span class='ocrx_word' id='word_1_210' title='bbox 1132 2028 1412 2073; x_wconf 88' lang='lat' dir='ltr'>auctoritate</span> <span class='ocrx_word' id='word_1_211' title='bbox 1447 2030 1591 2074; x_wconf 90' lang='lat' dir='ltr'>libro-</span> 
     </span>
     <span class='ocr_line' id='line_1_26' title="bbox 79 2104 1592 2168; baseline 0.002 -19"><span class='ocrx_word' id='word_1_212' title='bbox 79 2122 202 2160; x_wconf 83' lang='lat' dir='ltr'>rum,</span> <span class='ocrx_word' id='word_1_213' title='bbox 228 2104 309 2166; x_wconf 91' lang='lat' dir='ltr'>qui</span> <span class='ocrx_word' id='word_1_214' title='bbox 340 2105 414 2149; x_wconf 86' lang='lat' dir='ltr'>vel</span> <span class='ocrx_word' id='word_1_215' title='bbox 450 2122 475 2149; x_wconf 91' lang='lat' dir='ltr'>a</span> <span class='ocrx_word' id='word_1_216' title='bbox 508 2122 585 2150; x_wconf 89' lang='lat' dir='ltr'>me</span> <span class='ocrx_word' id='word_1_217' title='bbox 618 2105 721 2168; x_wconf 89' lang='lat' dir='ltr'>ipso</span> <span class='ocrx_word' id='word_1_218' title='bbox 750 2106 824 2151; x_wconf 77' lang='lat' dir='ltr'>vel</span> <span class='ocrx_word' id='word_1_219' title='bbox 859 2123 883 2150; x_wconf 91' lang='lat' dir='ltr'>a</span> <span class='ocrx_word' id='word_1_220' title='bbox 916 2105 1175 2150; x_wconf 90' lang='lat' dir='ltr'>Duebnero</span> <span class='ocrx_word' id='word_1_221' title='bbox 1199 2106 1271 2151; x_wconf 76' lang='lat' dir='ltr'>vel</span> <span class='ocrx_word' id='word_1_222' title='bbox 1309 2123 1335 2150; x_wconf 87' lang='lat' dir='ltr'>a</span> <span class='ocrx_word' id='word_1_223' title='bbox 1368 2106 1592 2152; x_wconf 87' lang='lat' dir='ltr'>Bekkero</span> 
     </span>
     <span class='ocr_line' id='line_1_27' title="bbox 80 2180 1590 2243; baseline 0.001 -18"><span class='ocrx_word' id='word_1_224' title='bbox 80 2189 237 2225; x_wconf 89' lang='lat' dir='ltr'>essent</span> <span class='ocrx_word' id='word_1_225' title='bbox 273 2180 493 2243; x_wconf 78' lang='lat' dir='ltr'>inspecti,</span> <span class='ocrx_word' id='word_1_226' title='bbox 522 2181 636 2226; x_wconf 87' lang='lat' dir='ltr'>alios</span> <span class='ocrx_word' id='word_1_227' title='bbox 675 2199 771 2226; x_wconf 89' lang='lat' dir='ltr'>non</span> <span class='ocrx_word' id='word_1_228' title='bbox 809 2181 1091 2243; x_wconf 78' lang='lat' dir='ltr'>attingerem</span> <span class='ocrx_word' id='word_1_229' title='bbox 1131 2181 1221 2226; x_wconf 84' lang='lat' dir='ltr'>nisi</span> <span class='ocrx_word' id='word_1_230' title='bbox 1249 2181 1284 2226; x_wconf 90' lang='lat' dir='ltr'>si</span> <span class='ocrx_word' id='word_1_231' title='bbox 1310 2199 1404 2242; x_wconf 89' lang='lat' dir='ltr'>qua</span> <span class='ocrx_word' id='word_1_232' title='bbox 1440 2199 1499 2227; x_wconf 82' lang='lat' dir='ltr'>ex</span> <span class='ocrx_word' id='word_1_233' title='bbox 1535 2182 1590 2227; x_wconf 86' lang='lat' dir='ltr'>iis</span> 
     </span>
     <span class='ocr_line' id='line_1_28' title="bbox 81 2254 1593 2320; baseline 0.001 -20"><span class='ocrx_word' id='word_1_234' title='bbox 81 2254 299 2300; x_wconf 89' lang='lat' dir='ltr'>ducenda</span> <span class='ocrx_word' id='word_1_235' title='bbox 318 2255 590 2301; x_wconf 85' lang='lat' dir='ltr'>emendatio</span> <span class='ocrx_word' id='word_1_236' title='bbox 617 2266 752 2309; x_wconf 77' lang='lat' dir='ltr'>esset,</span> <span class='ocrx_word' id='word_1_237' title='bbox 772 2274 877 2318; x_wconf 81' lang='lat' dir='ltr'>quae</span> <span class='ocrx_word' id='word_1_238' title='bbox 903 2273 960 2301; x_wconf 85' lang='lat' dir='ltr'>ex</span> <span class='ocrx_word' id='word_1_239' title='bbox 989 2256 1159 2301; x_wconf 83' lang='lat' dir='ltr'>nostris</span> <span class='ocrx_word' id='word_1_240' title='bbox 1184 2256 1282 2319; x_wconf 87' lang='lat' dir='ltr'>peti</span> <span class='ocrx_word' id='word_1_241' title='bbox 1310 2274 1406 2302; x_wconf 89' lang='lat' dir='ltr'>non</span> <span class='ocrx_word' id='word_1_242' title='bbox 1431 2266 1593 2320; x_wconf 87' lang='lat' dir='ltr'>posset</span> 
     </span>
     <span class='ocr_line' id='line_1_29' title="bbox 81 2330 1593 2394; baseline 0.001 -17"><span class='ocrx_word' id='word_1_243' title='bbox 81 2330 354 2377; x_wconf 88' lang='lat' dir='ltr'>codicibus:</span> <span class='ocrx_word' id='word_1_244' title='bbox 393 2332 441 2377; x_wconf 91' lang='lat' dir='ltr'>id</span> <span class='ocrx_word' id='word_1_245' title='bbox 477 2332 606 2394; x_wconf 91' lang='lat' dir='ltr'>quod</span> <span class='ocrx_word' id='word_1_246' title='bbox 640 2333 877 2378; x_wconf 85' lang='lat' dir='ltr'>rarissime</span> <span class='ocrx_word' id='word_1_247' title='bbox 906 2332 1080 2378; x_wconf 88' lang='lat' dir='ltr'>accidit</span> <span class='ocrx_word' id='word_1_248' title='bbox 1113 2350 1201 2378; x_wconf 90' lang='lat' dir='ltr'>nec</span> <span class='ocrx_word' id='word_1_249' title='bbox 1236 2332 1325 2378; x_wconf 89' lang='lat' dir='ltr'>nisi</span> <span class='ocrx_word' id='word_1_250' title='bbox 1364 2333 1413 2378; x_wconf 91' lang='lat' dir='ltr'>in</span> <span class='ocrx_word' id='word_1_251' title='bbox 1452 2334 1593 2379; x_wconf 90' lang='lat' dir='ltr'>rebus</span> 
     </span>
     <span class='ocr_line' id='line_1_30' title="bbox 81 2407 347 2454; baseline 0.004 -1"><span class='ocrx_word' id='word_1_252' title='bbox 81 2407 347 2454; x_wconf 86' lang='lat' dir='ltr'>levissimis.</span> 
     </span>
    </p>

    <p class='ocr_par' dir='ltr' id='par_1_5' title="bbox 81 2484 1599 2930">
     <span class='ocr_line' id='line_1_31' title="bbox 149 2484 1594 2549; baseline 0.001 -21"><span class='ocrx_word' id='word_1_253' title='bbox 149 2484 281 2529; x_wconf 85' lang='lat' dir='ltr'>Inter</span> <span class='ocrx_word' id='word_1_254' title='bbox 305 2484 450 2530; x_wconf 93' lang='lat' dir='ltr'>libros</span> <span class='ocrx_word' id='word_1_255' title='bbox 475 2485 604 2548; x_wconf 67' lang='lat' dir='ltr'>typis</span> <span class='ocrx_word' id='word_1_256' title='bbox 624 2486 879 2549; x_wconf 88' lang='lat' dir='ltr'>impressos</span> <span class='ocrx_word' id='word_1_257' title='bbox 902 2485 1127 2549; x_wconf 85' lang='lat' dir='ltr'>princeps</span> <span class='ocrx_word' id='word_1_258' title='bbox 1148 2494 1218 2530; x_wconf 89' lang='lat' dir='ltr'>est</span> <span class='ocrx_word' id='word_1_259' title='bbox 1238 2485 1383 2531; x_wconf 90' lang='lat' dir='ltr'>editio</span> <span class='ocrx_word' id='word_1_260' title='bbox 1402 2485 1594 2539; x_wconf 80' lang='lat' dir='ltr'>Aldina,</span> 
     </span>
     <span class='ocr_line' id='line_1_32' title="bbox 83 2560 1594 2624; baseline 0.001 -19"><span class='ocrx_word' id='word_1_261' title='bbox 83 2560 218 2622; x_wconf 87' lang='lat' dir='ltr'>cujus</span> <span class='ocrx_word' id='word_1_262' title='bbox 245 2562 538 2624; x_wconf 84' lang='lat' dir='ltr'>exemplaria</span> <span class='ocrx_word' id='word_1_263' title='bbox 573 2562 685 2608; x_wconf 88' lang='lat' dir='ltr'>licet</span> <span class='ocrx_word' id='word_1_264' title='bbox 711 2562 822 2608; x_wconf 89' lang='lat' dir='ltr'>anni</span> <span class='ocrx_word' id='word_1_265' title='bbox 861 2578 997 2623; x_wconf 84' lang='lat'>1504.</span> <span class='ocrx_word' id='word_1_266' title='bbox 1023 2571 1186 2607; x_wconf 90' lang='lat' dir='ltr'>notam</span> <span class='ocrx_word' id='word_1_267' title='bbox 1224 2572 1391 2624; x_wconf 81' lang='lat' dir='ltr'>gerant</span> <span class='ocrx_word' id='word_1_268' title='bbox 1415 2561 1594 2617; x_wconf 82' lang='lat' dir='ltr'>omnia,</span> 
     </span>
     <span class='ocr_line' id='line_1_33' title="bbox 81 2637 1595 2701; baseline 0 -20"><span class='ocrx_word' id='word_1_269' title='bbox 81 2644 243 2682; x_wconf 87' lang='lat' dir='ltr'>tamen</span> <span class='ocrx_word' id='word_1_270' title='bbox 269 2637 490 2682; x_wconf 89' lang='lat' dir='ltr'>nonnihil</span> <span class='ocrx_word' id='word_1_271' title='bbox 516 2638 640 2683; x_wconf 84' lang='lat' dir='ltr'>inter</span> <span class='ocrx_word' id='word_1_272' title='bbox 665 2656 712 2683; x_wconf 92' lang='lat' dir='ltr'>se</span> <span class='ocrx_word' id='word_1_273' title='bbox 737 2638 1010 2701; x_wconf 84' lang='lat' dir='ltr'>discrepant</span> <span class='ocrx_word' id='word_1_274' title='bbox 1032 2653 1041 2683; x_wconf 82' lang='lat' dir='ltr'>z</span> <span class='ocrx_word' id='word_1_275' title='bbox 1079 2655 1138 2682; x_wconf 84' lang='lat' dir='ltr'>ex</span> <span class='ocrx_word' id='word_1_276' title='bbox 1164 2655 1259 2699; x_wconf 90' lang='lat' dir='ltr'>quo</span> <span class='ocrx_word' id='word_1_277' title='bbox 1285 2637 1595 2682; x_wconf 87' lang='lat' dir='ltr'>manifestum</span> 
     </span>
     <span class='ocr_line' id='line_1_34' title="bbox 83 2712 1596 2776; baseline 0.001 -19"><span class='ocrx_word' id='word_1_278' title='bbox 83 2720 153 2757; x_wconf 89' lang='lat' dir='ltr'>est</span> <span class='ocrx_word' id='word_1_279' title='bbox 177 2712 375 2769; x_wconf 82' lang='lat' dir='ltr'>Aldum,</span> <span class='ocrx_word' id='word_1_280' title='bbox 402 2722 454 2758; x_wconf 90' lang='lat' dir='ltr'>ut</span> <span class='ocrx_word' id='word_1_281' title='bbox 488 2714 589 2759; x_wconf 89' lang='lat' dir='ltr'>aliis</span> <span class='ocrx_word' id='word_1_282' title='bbox 615 2731 807 2776; x_wconf 90' lang='lat' dir='ltr'>quoque</span> <span class='ocrx_word' id='word_1_283' title='bbox 844 2715 893 2759; x_wconf 90' lang='lat' dir='ltr'>in</span> <span class='ocrx_word' id='word_1_284' title='bbox 930 2714 1062 2759; x_wconf 89' lang='lat' dir='ltr'>libris</span> <span class='ocrx_word' id='word_1_285' title='bbox 1101 2713 1341 2759; x_wconf 87' lang='lat' dir='ltr'>interdum</span> <span class='ocrx_word' id='word_1_286' title='bbox 1367 2713 1495 2768; x_wconf 84' lang='lat' dir='ltr'>fecit,</span> <span class='ocrx_word' id='word_1_287' title='bbox 1521 2713 1596 2759; x_wconf 91' lang='lat' dir='ltr'>vel</span> 
     </span>
     <span class='ocr_line' id='line_1_35' title="bbox 83 2788 1597 2852; baseline 0.001 -20"><span class='ocrx_word' id='word_1_288' title='bbox 83 2794 240 2833; x_wconf 90' lang='lat' dir='ltr'>totum</span> <span class='ocrx_word' id='word_1_289' title='bbox 277 2806 396 2851; x_wconf 90' lang='lat' dir='ltr'>opus</span> <span class='ocrx_word' id='word_1_290' title='bbox 436 2790 507 2834; x_wconf 88' lang='lat' dir='ltr'>vel</span> <span class='ocrx_word' id='word_1_291' title='bbox 549 2798 706 2852; x_wconf 87' lang='lat' dir='ltr'>partes</span> <span class='ocrx_word' id='word_1_292' title='bbox 740 2789 971 2852; x_wconf 86' lang='lat' dir='ltr'>quasdam</span> <span class='ocrx_word' id='word_1_293' title='bbox 1009 2806 1296 2851; x_wconf 86' lang='lat' dir='ltr'>quacunque</span> <span class='ocrx_word' id='word_1_294' title='bbox 1335 2788 1392 2833; x_wconf 92' lang='lat' dir='ltr'>de</span> <span class='ocrx_word' id='word_1_295' title='bbox 1432 2806 1597 2834; x_wconf 86' lang='lat' dir='ltr'>caussa</span> 
     </span>
     <span class='ocr_line' id='line_1_36' title="bbox 85 2864 1599 2930; baseline 0.002 -22"><span class='ocrx_word' id='word_1_296' title='bbox 85 2872 194 2925; x_wconf 89' lang='lat' dir='ltr'>post</span> <span class='ocrx_word' id='word_1_297' title='bbox 225 2864 431 2927; x_wconf 86' lang='lat' dir='ltr'>primam</span> <span class='ocrx_word' id='word_1_298' title='bbox 467 2865 724 2912; x_wconf 88' lang='lat' dir='ltr'>editionem</span> <span class='ocrx_word' id='word_1_299' title='bbox 761 2866 889 2930; x_wconf 80' lang='lat' dir='ltr'>typis</span> <span class='ocrx_word' id='word_1_300' title='bbox 924 2866 1096 2911; x_wconf 90' lang='lat' dir='ltr'>iterum</span> <span class='ocrx_word' id='word_1_301' title='bbox 1135 2865 1440 2929; x_wconf 86' lang='lat' dir='ltr'>descripsisse</span> <span class='ocrx_word' id='word_1_302' title='bbox 1477 2866 1599 2912; x_wconf 91' lang='lat' dir='ltr'>Ora-</span> 
     </span>
    </p>
   </div>
  </div>
 </body>
</html>
