1882 3250
274 148 328 188 10
815 149 1244 188 ΔΗΜΟΣΘΕΝΟΎΣ
1547 148 1629 189 ΟΒ.
1653 148 1688 189 I.
1710 162 1753 204 p.
1771 148 1812 199 8,
1828 167 1847 194 ³

271 263 352 296 ὁδὸν
378 265 426 310 τῷ
451 264 604 304 βασιλεῖ.
651 263 741 307 φησὶ
769 262 805 296 δέ
835 260 1040 306 (Ιδύσμαχον
1068 259 1152 296 εἶναι
1179 263 1239 296 τὸν
1262 263 1432 297 Φίλιππον
1452 263 1538 308 Υούχ
1567 263 1612 298 ὡς
1639 263 1778 308 ὑπείλη-

269 341 363 368 πται,
386 327 564 373 θαρσύνων
583 326 634 361 ἐπ’
655 327 756 361 αὐτὸν
775 328 855 362 τοὺς
872 325 1081 369 Ἀθηναίους.
1791 337 1809 369 5

324 391 513 424 Διείλεκται
542 391 578 424 δέ
610 391 663 424 καὶ
693 390 770 435 περὶ
798 393 865 423 τῶν
894 389 1067 432 δημοσίων
1097 391 1311 434 ἕχρημάτων,
1342 390 1590 433 συμβουλεύων
1619 390 1781 435 ῒποιῆσαι

268 453 352 487 αὐτὰ
371 454 596 498 στρατιωτικὰ
619 454 693 488 ἀντὶ
718 454 898 499 θεωρικῶν.
944 453 996 486 καὶ
1024 454 1063 487 τὸ
1091 453 1168 488 ἕθος
1197 454 1236 487 οὐ
1258 454 1458 498 ῑῑπρόδηλον
1478 453 1557 496 Χόν,
1579 450 1605 502 ᾧ
1631 455 1781 500 ἐχρῶντο

268 517 300 550 οἶ
325 516 509 559 Ἀθηναῖοι,
540 517 689 563 Ῡάνάγκη
719 515 951 562 Ζσαφηνίσαι.
1001 517 1061 550 οὐκ
1101 516 1198 552 ὄντος
1229 518 1268 551 τὸ
1304 518 1449 552 παλαιὸν
1478 519 1621 564 θεάτρου
1648 519 1780 554 λιθίνου

267 580 345 626 παρ’
374 581 499 622 αὐτοῖς,
529 581 620 615 ἀλλὰ
658 582 803 625 ξυλίνων
831 580 1121 627 συμπηγνυμένων
1152 582 1277 628 ἰκρίων,
1309 583 1362 616 καὶ
1398 584 1533 617 πάντων
1560 585 1777 628 καταλαμβά-
1797 594 1834 616 ¹0

267 659 336 679 νειν
365 645 496 679 8τόπον
526 646 756 686 σπευδόντων,
785 646 915 692 πληγαί
941 661 978 679 τε
1008 645 1158 692 ἐγίνοντο
1189 648 1242 681 καί
1269 661 1336 681 που
1363 648 1415 681 καὶ
1444 646 1630 693 τραύματα.
1678 651 1781 683 τοῦτο

267 710 419 743 κωλῦσαι
455 705 707 753 ὶ’βουληθέντες
745 710 775 743 οἱ
808 712 1026 754 προεστῶτες
1060 714 1154 744 ὒτῶν
1184 710 1367 755 Ἀθηναίων
1397 712 1545 756 ὠνητοὺς
1575 711 1780 756 ἐποιήσαντο

267 774 345 809 τοὺς
372 775 510 813 τόπους,
541 774 593 807 καὶ
628 773 772 807 ἕκαστον
799 774 866 808 ἔδει
896 775 1024 808 διδόναι
1058 774 1118 808 δύο
1149 774 1296 815 ὀβολοὺς
1326 777 1378 810 καὶ
1409 773 1673 817 (Ῐκαταβαλόντο
1702 777 1781 810 θέαν

264 839 366 882 ἔχειν.
414 836 467 871 ἵνα
493 838 529 871 δὲ
555 837 599 882 μὴ
627 838 774 872 δοκῶσιν
794 839 825 872 οἱ
849 839 988 882 πένητες
1009 840 1216 873 Ελυπεῖσθαι
1239 842 1287 887 τῷ
1311 839 1517 885 ἀναλώματι,
1539 841 1574 874 ἐκ
1593 843 1655 875 τοῦ
1675 841 1778 885 δημο-
1796 850 1832 881 15

264 902 343 935 σίου
367 902 555 945 λαμβάνειν
583 901 728 935 ἕκαστον
755 902 880 946 ἐτάχθη
903 902 984 937 τοὺς
1010 901 1071 936 δύο
1101 901 1260 943 ὀβολούς.
1308 903 1463 937 ἐντεῦθεν
1482 904 1543 947 μὲν
1563 902 1622 938 οὖν
1641 905 1680 938 τὸ
1704 905 1782 940 ἔθος

263 967 401 1011 ἤρξατο,
422 966 573 1010 προῆλθε
602 965 637 998 δὲ
667 965 713 1000 εἷς
733 962 866 1006 frosm,
889 964 979 999 ὥστε
1008 966 1068 999 οὐκ
1094 966 1140 1001 εἷς
1165 967 1270 1002 ἔτους
1295 968 1420 1002 τόπους
1444 968 1549 1011 μόνον
1571 968 1778 1012 ἐλάμβανον,

262 1029 354 1064 ἀλλὰ
390 1029 508 1064 ἁπλῶς
545 1030 655 1063 πάντα
691 1029 732 1063 τὰ
770 1029 916 1073 δημόσια
953 1029 1110 1075 χρήματα
1147 1031 1352 1076 διενέμοντο.
1402 1031 1479 1066 ὅθεν
1517 1033 1570 1066 καὶ
1605 1034 1684 1079 περὶ
1719 1034 1780 1070 τὰς
1793 1041 1833 1064 20

264 1093 445 1138 στρατείας
478 1092 614 1139 ὀκνηροὶ
644 1094 871 1137 κατέστησαν.
919 1094 1026 1127 πάλαι
1055 1094 1116 1138 μὲν
1145 1095 1212 1141 γὰρ
1244 1096 1506 1140 στρατευόμενοι
1535 1096 1663 1140 μισθὸν
1688 1098 1779 1142 παρὰ

263 1159 323 1201 τῆς
344 1159 477 1193 πόλεως
501 1158 708 1201 ἐλάμβανον,
730 1158 808 1192 τότε
833 1158 870 1192 δέ
894 1157 930 1192 ἐν
957 1160 1030 1194 ταῖς
1053 1159 1207 1205 θεωρίαις
1228 1157 1309 1194 Ῑῑκαὶ
1336 1161 1408 1196 ταῖς
1434 1161 1566 1206 ἑορταῖς
1588 1160 1674 1195 οἴκοι
1698 1162 1780 1206 μέν·

263 1235 357 1258 οντες
382 1222 574 1266 διενέμοντο
603 1222 644 1256 τὰ
672 1221 839 1267 χρήματα·
873 1221 983 1257 οὐκέτι
1009 1221 1068 1257 οὖν
1087 1223 1210 1267 ἤθελον
1231 1223 1352 1268 ἐξιέναι
1378 1225 1432 1258 καὶ
1451 1223 1667 1265 κινδυνεύειν,
1687 1224 1780 1259 ἀλλὰ

263 1284 336 1322 ἰκαὶ
364 1288 466 1332 νόμον
494 1287 609 1322 ἔθεντο
638 1288 716 1333 περὶ
743 1291 810 1321 τῶν
836 1288 1003 1333 θεωρικῶν
1028 1287 1157 1322 τούτων
1182 1289 1375 1333 χρημάτων,
1404 1289 1548 1323 θάνατον
1573 1288 1778 1324 ἀπειλοῦντα
1790 1299 1830 1330 25

263 1353 311 1399 τῷ
355 1352 532 1398 γράψαντι
577 1352 798 1396 μετατεθῆναι
842 1350 974 1386 ιζταῦτα
1017 1353 1064 1388 εἷς
1109 1352 1170 1396 τὴν
1207 1353 1350 1398 ἀρχαίαν
1386 1353 1482 1397 τάξιν
1519 1353 1572 1387 καὶ
1618 1353 1780 1399 γενέσθαι

264 1416 500 1461 στρατιωτικά.
551 1413 620 1450 Ῑδιὸ
649 1417 667 1450 ὁ
692 1415 910 1460 Δημοσθένης
938 1417 1093 1458 εὐλαβῶς
1120 1416 1260 1450 ἅπτεται
1289 1418 1348 1460 τῆς
1373 1418 1449 1462 περὶ
1473 1415 1598 1451 τούτου
1622 1419 1776 1462 συμβου-

262 1481 336 1524 λῆς,
368 1481 421 1514 xa).
450 1479 710 1526 111ὑπερωτὴσας
743 1482 862 1515 ἑαυτὸν
896 1479 949 1515 ὅτι
983 1481 1067 1515 ’(σὺ
1095 1481 1242 1526 γράφεις
1264 1482 1370 1514 ταῦτα
1400 1477 1482 1514 εἶναι
1507 1482 1732 1527 στρατιωτικά
1745 1480 1817 1527 ;”9

262 1544 445 1590 Πέπιφέρει
466 1538 489 1562 ἰ(
506 1545 553 1588 μὰ
573 1543 628 1578 Δί’
649 1544 708 1578 οὐκ
725 1543 870 1591 ἕγωγε.”
899 1547 1077 1579 υτοσαῦτα
1095 1545 1156 1589 μὲν
1175 1546 1252 1590 περὶ
1271 1548 1338 1579 τῶν
1357 1545 1537 1591 θεωρικῶν.

318 1609 508 1643 Διείλεκται
533 1610 570 1643 δέ
599 1609 617 1642 ὁ
641 1608 754 1655 ῥήτωρ
779 1611 832 1644 καὶ
859 1610 937 1655 περὶ
966 1610 1144 1653 πολιτικῆς
1169 1609 1350 1653 δυνάμεως,
1382 1609 1486 1654 ἀξιῶν
1517 1609 1640 1645 αὐτοὺς
1667 1623 1772 1656 στρα-

261 1673 419 1708 τεύεσθαι
443 1674 494 1708 καὶ
524 1674 570 1718 μὴ
596 1673 650 1708 διὰ
677 1675 791 1719 ξένων,
828 1673 945 1720 ὥσπερ
975 1674 1151 1714 εἰώθεσαν,
1183 1674 1355 1708 ποιεῖσθαι
1381 1674 1442 1718 τὴν
1471 1673 1643 1718 βοήθειαν·
1673 1676 1805 1713 τοῦτο5

259 1738 326 1784 ’γὰρ
345 1736 454 1773 αἴτιον
473 1734 558 1772 εἶναι’
577 1739 693 1782 Ρφησι
713 1740 773 1773 τοῦ
793 1739 834 1773 τὰ
853 1740 1035 1785 πράγματα
1053 1738 1285 1773 ἀπόλλυσθαι.

259 1848 481 1925 ῼΑΝΤΙ
506 1877 707 1924 πολλῶν
732 1872 826 1937 Γᾶν,
852 1872 889 1924 ὦ
915 1874 1078 1940 ἄνδρες
1103 1874 1359 1937 Ἀθηναῖοι,
1385 1871 1640 1939 χρημάτων
1660 1874 1778 1935 ὑμᾶς

258 1957 452 2008 ἑλέσθαι
478 1957 660 2024 νομίζω,
682 1961 719 2007 εἰ
747 1957 952 2026 φανερὸν
972 1958 1155 2024 γένοιτο
1174 1956 1228 2008 τὸ
1249 1955 1430 2021 μέλλον
1454 1956 1696 2007 συνοίσειν
1718 1961 1777 2025 τῇ

311 2127 331 2155 q
350 2118 545 2165 δύσμαχον]
568 2119 789 2165 δυσμάχητον
808 2120 850 2154 Y.
934 2127 948 2147 ¹*
967 2121 1033 2166 οὐχ
1053 2120 1097 2156 ὡς
1117 2120 1336 2156 Felicianus:
1367 2118 1473 2155 οὕτως
1492 2119 1582 2155 libri.
1657 2126 1672 2146 S
1690 2134 1776 2166 χρη-

461 2182 480 2207 7]

254 2217 386 2264 μάτων]
407 2183 614 2262 ἔέαγμάτων
632 2215 675 2250 Y.
793 2219 803 2238 t
823 2217 964 2260 ποιῆσαι
983 2217 1085 2263 αὐτὰ]
1109 2217 1193 2250 αὐτὰ
1211 2217 1353 2259 ποιῆσαι
1373 2215 1415 2249 Y.
1539 2223 1557 2242 u
1577 2215 1770 2264 πρόδηλον]

254 2272 457 2317 πρόσδηλον
475 2281 512 2304 u.
624 2273 639 2289 Χ
661 2266 699 2302 ὂν
718 2281 787 2303 om.
808 2269 851 2304 Y.
961 2276 982 2306 y
1001 2269 1143 2317 ἀνάγκη]
1166 2270 1291 2316 ἀνάγκη
1311 2267 1372 2303 οὖν
1389 2281 1459 2304 rec.
1479 2269 1522 2304 Y.
1624 2275 1640 2292 ²
1660 2271 1776 2316 σαφη-

634 2326 646 2344 0
682 2327 694 2343 0

255 2357 365 2403 νίσαι]
390 2356 582 2402 σαφηνίσαι
600 2356 707 2390 ταῦτα
725 2357 767 2392 Y.
908 2361 927 2381 a
955 2355 1078 2401 τόπον]
1100 2356 1160 2390 τὸν
1179 2359 1285 2391 τόπον
1300 2357 1342 2391 Y.
1481 2352 1502 2380 b
1523 2355 1768 2403 βουληθέντες]

253 2411 460 2455 βουλόμενοι
486 2409 532 2444 Ο.
662 2414 679 2434 ⁰
704 2413 772 2444 τῶν
793 2422 864 2444 om.
884 2409 926 2444 Y.
1065 2406 1084 2434 d
1111 2411 1346 2452 καταβαλόντα
1373 2409 1581 2444 FelicianuS.
1619 2411 1775 2451 βαλόντα

254 2464 418 2499 Y.O.u.v.
451 2463 630 2505 βάλλοντα
659 2462 743 2498 B.F.
924 2468 940 2488 θ
969 2464 1155 2498 λυπεῖσθαι
1183 2464 1250 2498 hoc
1274 2464 1352 2498 loeo
1385 2463 1438 2498 Y:
1468 2468 1550 2509 post
1579 2461 1775 2508 ἀναλώματι

253 2518 372 2564 vulgo.
530 2514 539 2537 s
565 2517 667 2550 τοῦτο
697 2517 797 2551 codd.
827 2519 997 2551 τοσοῦτον
1022 2517 1140 2562 vulgO.
1288 2522 1309 2550 g
1338 2517 1417 2552 τοὺς
1445 2518 1570 2552 τόπους
1595 2516 1638 2552 Υ.
1670 2519 1773 2551 τοῦτο

252 2572 372 2618 vulgO.
484 2567 506 2595 h
525 2569 595 2615 καὶ]
620 2570 670 2603 καὶ
692 2571 728 2604 ἐν
747 2571 789 2605 Y.
894 2570 898 2592 '¹
920 2571 972 2604 καὶ
992 2582 1062 2605 om.
1083 2570 1168 2604 RF.
1262 2567 1278 2592 k
1299 2569 1421 2616 ταῦτα]
1444 2585 1481 2604 τε
1500 2572 1607 2604 ταῦτα
1626 2570 1706 2605 B.u.
1735 2584 1774 2604 τε

252 2625 337 2659 αὐτὰ
356 2624 400 2659 Y.
466 2621 477 2649 Ῑ
497 2622 567 2669 διὸ]
590 2623 645 2657 διὰ
664 2627 766 2659 τοῦτο
786 2623 828 2658 Y.
900 2629 930 2648 m
951 2623 1188 2670 ὑπερωτήσας]
1209 2624 1430 2669 ὑπηρώτησεν
1444 2623 1486 2658 Y.
1555 2628 1576 2648 n
1595 2623 1769 2670 ἐπιφέρει]

251 2680 305 2713 καὶ
323 2679 481 2724 ἐπιφέρει
500 2677 543 2713 Y.
663 2683 681 2703 0
702 2678 872 2723 τοσαῦτα]
896 2679 1002 2711 ταῦτα
1023 2677 1102 2712 ΟΝ.
1212 2684 1233 2714 P
1253 2677 1360 2723 φησι]
1384 2678 1451 2723 ἔφη
1472 2677 1557 2712 B.F.
1669 2683 1690 2711 (1
1716 2677 1772 2711 Ab

249 2732 350 2767 im'tio
375 2731 522 2766 mutilus
551 2738 605 2767 est
630 2732 744 2767 codex
762 2732 992 2777 Augustanus
1019 2731 1164 2777 primus.
1223 2731 1352 2777 Incipit
1380 2743 1401 2765 a
1419 2730 1533 2765 verbis
1560 2729 1646 2775 ἡμᾶς
1673 2731 1774 2765 πλεῖν

248 2797 284 2832 p.
305 2797 317 2820 1
331 2796 364 2826 1,
390 2795 450 2820 12.
471 2785 515 2819 ad
533 2798 568 2832 p.
588 2796 648 2831 13,
670 2784 728 2820 16.
745 2785 796 2821 τίς
816 2783 932 2820 οὕτως.
964 2784 1056 2818 Tum
1076 2789 1129 2819 est
1147 2785 1273 2818 lacuna
1291 2785 1336 2819 ad
1354 2797 1388 2831 p.
1407 2794 1466 2825 22,
1486 2794 1547 2818 22.
1567 2784 1629 2818 ubi
1647 2783 1773 2818 folium

247 2851 368 2874 rursus
389 2844 443 2873 est
461 2850 482 2873 a
501 2841 704 2884 κοπτόμενοι
729 2850 841 2885 usque
867 2838 912 2872 ad
940 2836 1067 2872 ὀκνεῖτε
1095 2838 1216 2882 ἐξιέναι
1244 2850 1279 2884 p.
1297 2849 1315 2872 2
1321 2844 1356 2885 5,
1374 2836 1409 2872 6.
1457 2838 1548 2872 Tum
1573 2849 1694 2872 rursus
1718 2842 1772 2872 est

246 2892 373 2927 lacuna
392 2903 504 2938 usque
530 2893 575 2927 ad
600 2905 636 2939 p.
656 2903 720 2939 35,
745 2903 805 2927 12.
834 2891 895 2926 ubi
918 2903 938 2926 a
963 2893 1145 2926 κατελιπον
1170 2897 1253 2926 sunt
1280 2892 1351 2926 duo
1370 2891 1454 2926 folia
1475 2891 1702 2937 procedentia
1726 2890 1772 2925 ad

245 2957 281 2992 p.
301 2956 365 2991 41,
396 2957 425 2980 ι.
474 2944 544 2981 Hae
588 2957 709 2992 paucae
740 2950 930 2992 supersunt
959 2945 1116 2991 reliquiae
1143 2950 1291 2980 vetustae
1309 2956 1436 2979 manus
1460 2944 1498 2979 in
1529 2944 1643 2991 prima
1670 2949 1771 2991 parte
