1930 3266
74 211 167 253 254,
192 214 244 238 28.
586 202 710 238 ΠΕΡΙ
741 202 851 239 ΤΟΥ
881 202 1187 239 ΣΤΕΦΑΝΟΎ.
1560 199 1644 242 267

130 315 393 374 συμβᾶσαν
419 311 495 362 διὰ
519 318 657 363 τοῦτο
688 310 742 363 τὸ
776 311 1014 380 ψήφισμα
1045 311 1073 376 ὴ
1113 310 1390 378 χλευασμὸν
1424 310 1452 375 ἢ
1491 312 1642 376 γε’λω-

130 418 202 457 τα,
241 393 299 445 (Ῑᾶ
333 401 415 446 νῦν
445 396 578 450 οὗτος
613 396 704 461 ε”φη
748 395 1101 460 συμβήσεσθαι,
1141 394 1221 445 Γᾶν
1255 395 1348 460 ἐγὼ
1385 398 1635 462 στεφανῶ-
1655 413 1672 443 5

127 500 241 542 μαι;
282 481 358 529 καὶ
395 479 487 543 μὴν
526 479 638 531 ὅταν
675 478 705 548 ᾗ
743 481 822 531 νεά
859 483 934 530 καὶ
975 481 1188 546 γνώριμα
1224 484 1345 530 πᾶσι
1382 478 1441 529 τὰ
1477 477 1637 545 πράγ-

127 585 268 626 ματα,
312 562 392 613 ἐάν
436 586 486 613 τε
529 568 686 616 καλῶς
733 564 829 631 ἔχῃ,
872 563 1063 630 χάριτος
1100 562 1335 629 τυγχάνει,
1375 561 1455 612 ἐάν
1495 567 1538 613 θ’
1579 564 1641 615 ὡς

129 647 306 712 ἑτέρως,
345 648 582 713 τιμωρίας.
627 649 852 716 φαίνομαι
893 648 1048 698 τοίνυν
1091 646 1183 712 ἐγὼ
1220 646 1410 714 χάριτος
1447 669 1640 713 τετυχη-

129 729 219 783 κὼς
244 729 362 792 τότε,
389 733 465 781 καὶ
491 733 544 781 οὐ
570 732 795 799 μέμψεως
821 731 924 782 οὐδὲ
950 732 1186 796 τιμωρίας.

37 827 114 869 107
201 815 389 865 Οὐκοῦν
428 815 564 881 μέχρι
603 815 687 879 μὲν
724 821 819 866 τῶν
855 814 1038 882 χρόνων
1076 815 1271 876 ἐκείνων,
1310 816 1358 864 ἐν
1403 814 1468 867 οἷς
1509 816 1635 865 ταῦτ’
1655 839 1692 860 10

125 895 354 964 ἐπράχθη,
392 897 572 951 πάντας
611 897 979 962 ἀνωμολόγημαι
1020 895 1150 949 8τοὺς
1193 894 1390 962 χρόνους
1434 895 1494 946 τὰ
1539 896 1639 962 ἄρι-

1205 980 1226 997 (·Ι
1257 981 1266 996 5

1164 987 1227 1030 UO

124 1003 220 1031 στα
270 980 510 1047 ῒπράττειν
561 985 620 1048 τῇ
670 981 818 1043 πόλει,
862 985 928 1049 τῷ
980 985 1121 1041 νικᾶν,
1230 1003 1256 1030 τ
1313 979 1638 1042 ἐβουλεύεσθε,

123 1063 278 1128 λε’γων
335 1067 410 1114 καὶ
461 1064 673 1131 γράφων,
725 1068 790 1132 τῷ
840 1067 1226 1130 καταπραχθῆναι
1277 1064 1336 1114 τὰ
1381 1064 1637 1132 γραφέντα,

123 1150 198 1198 καὶ
239 1147 505 1216 στεφάνους
552 1148 609 1216 ἐξ
643 1150 795 1198 αὐτῶν
836 1151 894 1214 τῇ
932 1146 1068 1198 πόλει
1115 1151 1189 1198 καὶ
1235 1149 1334 1210 ἐμοὶ
1373 1150 1447 1198 καὶ
1488 1153 1637 1198 πᾶσιν

123 1233 256 1294 Χὺμΐν
282 1232 540 1297 Ῡγενέσθαι,
567 1236 633 1300 τῷ
673 1233 839 1284 θυσίας
874 1237 994 1284 Ζτοῖς
1026 1236 1145 1284 θεοῖς
1181 1234 1255 1282 καὶ
1280 1232 1548 1298 προσόδους
1575 1235 1636 1286 ὡς
1653 1257 1688 1287 15

123 1317 313 1380 ἀγαθῶν
338 1315 514 1366 τούτων
542 1315 688 1365 ὅντων
716 1317 832 1378 ὑμᾶς
857 1319 1159 1378 πεποιῆσθαι.

34 1402 110 1443 108
195 1397 386 1461 Ἐπειδὴ
413 1399 566 1449 τοίνυν
602 1400 651 1449 ἐκ
686 1402 768 1461 τῆς
810 1399 1014 1459 Εὐβοίας
1049 1400 1073 1448 ὁ
1112 1400 1352 1452 Φίλιππος
1387 1399 1635 1468 ξιἐξηλάθη,

121 1484 215 1534 τοῖς
252 1480 338 1544 μὲν
376 1481 542 1536 ὅπλοις
582 1483 659 1551 ὑφ’
689 1484 829 1545 ὑμῶν,
864 1486 922 1549 τῇ
959 1482 1007 1532 δὲ
1044 1483 1258 1552 πολιτείᾳ
1298 1487 1372 1533 καὶ
1399 1489 1494 1537 τοῖς
1531 1488 1631 1552 ψη-

977 1565 995 1593 b

122 1564 348 1632 φίσμασι,
376 1564 464 1615 κᾶν
490 1567 786 1631 διαρραγῶσί
820 1589 938 1619 τινες
1005 1567 1195 1628 τούτων,
1224 1568 1299 1618 ὑπ’
1329 1570 1454 1630 ἐμοῦ,
1480 1568 1636 1634 ἕτερον

121 1647 240 1698 κατὰ
277 1651 359 1712 τῆς
397 1648 581 1702 πόλεως
622 1648 943 1716 ἐπιτειχισμὸν
980 1649 1135 1715 ἐζήτει.
1180 1651 1302 1715 ὀρῶν
1339 1653 1376 1700 δ’
1406 1651 1476 1701 ὅτι
1515 1653 1634 1721 σίτῳ
1648 1678 1688 1699 20

120 1731 311 1784 πάντων
353 1734 614 1799 ἀνθρώπων
648 1735 864 1802 πλείστῳ
905 1734 1110 1801 χρώμεθ’
1146 1735 1421 1804 ἐπεισάκτῳ,
1461 1735 1636 1796 βουλό-

0 1812 1 1820 ¹
31 1841 107 1884 109
120 1840 255 1879 μενος
293 1821 375 1881 τῆς
413 1818 755 1882 εσιτοπομπίας
798 1817 953 1884 κύριος
994 1818 1227 1883 γενέσθαι,
1271 1819 1524 1885 παρελθὼν
1562 1822 1635 1871 ἐπὶ

121 1899 313 1968 Θρᾴκης
347 1902 625 1967 Βυζαντίους
651 1900 933 1967 συμμάχους
972 1902 1109 1955 ὄντας
1142 1903 1266 1970 αὐτῷ
1302 1902 1355 1953 τὸ
1381 1902 1465 1966 μὲν
1499 1908 1629 1967 πρῶ-

1049 1983 1067 2010 d

118 2007 200 2034 τον
237 1985 372 2053 ἠξίου
412 1990 735 2048 συμπολεμεῖν
774 1984 856 2034 τὸν
894 1985 1012 2051 πρὸς
1078 1987 1194 2048 ὑμᾶς
1233 1984 1457 2048 πόλεμον,
1494 1989 1555 2039 ὡς
1593 1988 1630 2036 δ’
1647 2013 1684 2043 25

118 2069 200 2118 οὐκ
235 2068 406 2131 ἤθελον
440 2070 532 2119 οὐδ’
561 2071 633 2119 ἐπὶ
666 2069 845 2122 τούτοις
885 2069 1072 2136 ἔφασαν
1114 2068 1199 2132 τὴν
1237 2071 1515 2136 συμμαχίαν
1552 2094 1634 2121 πε-

117 2155 357 2216 ποιῆσθαι,
410 2153 626 2217 λέγοντες
677 2155 845 2216 ἀληθῆ,
899 2152 1109 2219 θχάρακα
1170 2151 1450 2216 ῗβαλόμενος
1515 2153 1633 2220 πρὸς

119 2239 175 2301 τῇ
212 2235 348 2286 πόλει
387 2239 461 2286 καὶ
499 2235 793 2303 μηχανήματ’
831 2235 1096 2299 ἐπιστήσας
1134 2236 1412 2302 ἐπολιόρκει.
1455 2237 1633 2289 τούτων

172 2425 191 2452 q
219 2417 257 2465 ἃ]
283 2419 301 2463 ἢ
321 2417 342 2453 ἃ
361 2420 475 2454 Y.u.v.
631 2427 646 2445 1'
674 2419 714 2455 ἂν
736 2422 770 2455 S.
801 2422 857 2455 ἐὰν
876 2423 994 2467 vulgo.
1154 2429 1165 2447 *ἵ
1196 2422 1274 2456 τοὺς
1297 2424 1441 2466 χρόνους
1461 2423 1497 2456 in
1515 2437 1570 2468 γρ.
1594 2423 1629 2457 S.

118 2473 131 2497 t
149 2473 326 2519 πράττειν]
351 2475 511 2518 πράττειν
530 2475 582 2508 καὶ
601 2476 716 2519 λέγειν
735 2490 789 2520 γρ.
814 2475 899 2513 8Ηο
1051 2480 1071 2499 U
1093 2474 1140 2508 ὅτ’
1157 2474 1400 2521 ἐβουλεύεσθε]
1426 2490 1462 2509 τε
1481 2475 1628 2515 βουλεύ-

118 2526 216 2559 εσθαι
231 2526 274 2560 Y.
305 2526 353 2559 ὅτ’
371 2525 560 2567 ἐβούλεσθε
576 2540 642 2561 s.u.
673 2527 729 2561 ὅτε
748 2527 921 2568 βούλεσθε
938 2527 1011 2562 O.r.
1087 2534 1106 2552 Χ
1127 2528 1204 2571 ὑμῖν
1219 2540 1287 2562 Oui.
1305 2529 1339 2561 S.
1410 2536 1419 2557 3
1446 2529 1624 2575 γενέσθαι]

116 2578 270 2623 γίνεσθαι
289 2580 439 2625 A.k.p.r.
567 2586 582 2605 ²
603 2583 673 2616 τοῖς
689 2582 777 2616 θεοῖς
795 2583 846 2614 καὶ
867 2581 1078 2626 προσόδους]
1103 2583 1155 2614 καὶ
1174 2582 1368 2625 προσόδους
1388 2584 1458 2616 τοῖς
1478 2583 1566 2617 θεοῖς
1584 2584 1627 2617 A.

3 2618 9 2768 Ι
117 2631 183 2666 ks.
341 2639 359 2658 a
385 2634 530 2678 ἐξηλάθη
556 2636 627 2668 τοῖς
652 2635 712 2677 μὲν
743 2634 862 2669 ὅπλοις
887 2633 944 2678 ὑφ’
968 2634 1076 2679 ὑμῶν]
1109 2634 1167 2678 ὑφ’
1188 2634 1281 2677 ἡμῶν
1301 2635 1446 2678 ἐξηλάθη
1473 2637 1544 2670 τοῖς
1567 2636 1629 2679 μὲν

117 2683 235 2720 ὅπλοις
256 2686 290 2720 S.
323 2686 374 2729 (in
394 2699 463 2732 quo
492 2686 552 2730 ὑφ’
573 2687 664 2730 ὑμῶν
693 2700 713 2720 a
732 2700 778 2721 m.
801 2700 869 2721 see.
892 2694 972 2733 post
993 2688 1113 2722 ὅπλοις
1142 2688 1342 2727 insertum.)
1378 2687 1435 2732 ὑφ’
1457 2688 1548 2732 ὑμῶν
1567 2689 1628 2732 μὲν

117 2737 262 2783 ἐξηλάθη
283 2741 351 2774 τοῖς
372 2739 491 2775 ὅπλοις
511 2741 622 2785 Y.p.r.
644 2741 739 2786 quod
758 2740 840 2774 ferri
859 2747 987 2785 potest.
1090 2740 1105 2761 '³’
1124 2739 1254 2774 τούτων
1273 2752 1341 2774 om.
1363 2753 1398 2786 p.
1496 2747 1512 2766 C
1532 2756 1627 2775 σιτο-

4 2818 9 2857 ἓ
114 2791 279 2838 πομπίας]
304 2795 550 2837 σιτοπομπείας
568 2800 668 2828 t.u.V.
782 2790 801 2817 d
822 2793 921 2839 ὑμᾶς]
946 2794 1030 2837 ἡμᾶς
1049 2794 1083 2827 k.
1195 2799 1210 2818 θ
1234 2794 1380 2839 χάρακα]
1401 2796 1627 2838 χαρακώματα

116 2843 472 2891 F.Y.Q.O.p.r.t.u.v.
496 2853 531 2881 et
550 2861 604 2892 γρ.
629 2848 662 2880 S.
694 2847 893 2892 Legebatur
912 2849 1107 2892 χαράκωμα.
1148 2847 1277 2880 Veram
1298 2847 1504 2892 scripturam
1526 2860 1567 2882 ex
1590 2849 1624 2883 S.

4 2862 9 2958 ι
112 2896 184 2941 jam
212 2897 249 2931 in
268 2899 421 2934 editione
450 2900 562 2945 prima
589 2901 738 2941 restitui,
760 2900 1050 2945 Harpocrationis
1079 2900 1195 2945 glossa
1225 2901 1282 2943 (ab
1305 2901 1413 2934 Suida
1436 2902 1624 2947 exscripta)

115 2956 242 2992 motus,
263 2953 322 2998 qui
350 2954 492 2997 χάρακα,
514 2954 608 2999 quod
637 2966 698 2999 per
725 2954 907 2998 χαράκωμα
936 2954 1197 2999 interpretatur,
1219 2966 1261 2987 ex
1291 2954 1532 2989 Demosthene
1552 2968 1624 2989 me-

115 3010 238 3038 morat.
348 3003 362 3030 f
378 3007 585 3053 βαλόμενος]
608 3009 822 3050 βαλλόμενος
842 3019 906 3052 p.r.
929 3012 963 3041 et
982 3021 1036 3052 γρ.
1061 3007 1096 3041 S.
1127 3008 1336 3051 βουλόμενος
1358 3008 1440 3042 A.k.

797 3080 939 3108 Mm2
