1903 3271
252 177 336 215 400
798 179 1225 218 ΔΗΜΟΣΘΕΝΟΎΣ
1358 177 1441 216 On.
1466 177 1604 217 XIX.
1628 192 1667 232 p.
1685 178 1835 232 380,24

251 294 334 339 τοῦ
377 288 604 352 πολέμου,
643 288 674 339 ἃ
720 293 926 353 Θηβαῖοι
969 291 1045 339 καὶ
1091 290 1332 342 Φίλιππος
1376 290 1523 351 ἔθυον,
1563 294 1769 341 εἱστιᾶτο

250 371 404 423 ἐλθὼν
439 375 516 424 καὶ
554 377 778 424 σπονδῶν
815 378 996 439 μετεῖχε
1035 375 1110 423 καὶ
1149 373 1310 439 εὐχῶν,
1346 372 1400 426 ἂς
1435 374 1508 423 ἐπὶ
1546 377 1641 426 τοῖς
1675 378 1770 423 τῶν
1783 397 1820 428 25

249 455 519 523 συμμάχων
557 460 651 506 τῶν
691 456 921 522 ὑμετέρων
959 457 1136 523 τείχεσι
1177 458 1252 506 καὶ
1291 455 1450 525 ἰχώρᾳ
1489 458 1563 506 καὶ
1604 456 1771 511 ὅπλοις

249 538 562 591 ἀπολωλόσιν
616 541 820 607 ἕηῦχετο
871 541 1053 602 ἐκεῖνος,
1105 541 1180 589 καὶ
1233 544 1646 608 συνεστεφανοῦτο
1695 542 1771 591 καὶ

249 622 612 688 ι’συνεπαιώνιζε
639 624 867 693 Φιλίππῳ
895 624 969 674 καὶ
997 624 1284 692 φιλοτησίας
1310 623 1597 689 1προῦπινεν.

157 721 236 761 142
327 709 422 757 Καὶ
460 708 585 757 ταῦτ’
621 708 703 757 οὐκ
742 706 923 758 ἔνεστιν
961 708 1061 771 ἐμοὶ
1098 705 1213 770 Ιςμὲν
1252 708 1386 769 οὕτω,
1421 706 1570 776 τούτῳ
1604 708 1641 756 δ’
1676 706 1765 757 ἅλ-

249 800 348 845 λως
385 814 486 844 πως
525 794 682 841 εἰπεῖν·
726 792 835 841 ἀλλ’
872 790 986 856 ὑπὲρ
1025 790 1109 853 μὲν
1146 793 1230 854 τῆς
1260 789 1551 859 1ἐξωμοσίας
1588 792 1636 841 ἐν
1674 796 1770 844 τοῖς
1781 801 1834 855 38

246 880 414 928 κοινοῖς
454 879 550 928 τοῖς
596 873 829 940 ὑμετέροις
872 873 1152 940 γράμμασιν
1195 876 1244 924 ἐν
1288 878 1354 942 τῷ
1398 872 1602 944 μητρῴῳ
1640 876 1767 926 ταῦτ’

245 962 390 1023 ἐστὶν,
426 960 498 1028 ἐφ’
538 957 604 1013 οἷς
645 961 670 1009 ὁ
710 958 938 1023 δημόσιος
976 959 1205 1021 τέτακται,
1245 960 1320 1009 καὶ
1359 958 1597 1027 ψήφισμα
1635 959 1767 1010 ἄντι-

245 1066 356 1110 κρυς
394 1045 500 1110 περὶ
544 1042 712 1094 τούτου
753 1048 837 1093 τοῦ
883 1042 1110 1106 ὀνόματος
1148 1043 1423 1108 γέγραπται·
1472 1041 1586 1109 ὑπὲρ
1627 1043 1664 1093 δ’
1705 1041 1770 1094 ὧν

366 1132 386 1141 Α

244 1129 380 1178 111ε’κει
426 1126 765 1195 ηδιεπράξατο,
810 1130 852 1177 οἱ
897 1125 1377 1192 Οσυμπρεσβεύοντες
1422 1127 1498 1175 καὶ
1541 1124 1797 1192 παρόντες5

243 1210 797 1278 Ρκαταμαρτυρήσουσιν,
838 1210 969 1276 οἵπερ
1013 1211 1143 1272 (Ῑέμοῖ
1188 1214 1335 1259 ταῦτα
1380 1211 1640 1272 διηγοῦντο·
1691 1211 1769 1260 r01)

242 1294 337 1361 γὰρ
393 1296 529 1361 ἔγωγ’
583 1297 740 1349 αὐτοῖς
803 1294 1213 1361 συνεπρέσβευσα,
1265 1294 1374 1343 ἀλλ’
1430 1292 1764 1361 ἐξωμοσάμην.

245 1379 347 1428 Καί
380 1401 459 1441 μοι
498 1379 609 1443 λε’γε
649 1376 702 1429 τὸ
741 1379 980 1448 ψήφισμα
1019 1380 1094 1430 καὶ
1139 1377 1199 1428 τὰ
1236 1376 1509 1444 γράμματα,
1548 1379 1623 1428 καὶ
1661 1376 1768 1432 τοὺς

242 1461 485 1529 μάρτυρας
518 1461 667 1513 κάλει.

151 1567 227 1609 143
433 1562 749 1603 8ΨΙ-ΙΦΙΣΜΑ.
823 1561 1187 1602 tFPAMMATA.
1259 1560 1581 1601 ΜΑΡἹὝΡΕΣ.

316 1635 462 1688 Τίνας
508 1636 588 1685 οὖν
632 1633 771 1701 εὐχὰς
817 1633 1165 1697 ὑπολαμβάνετ’
1206 1634 1427 1699 εὔχεσθαι
1469 1636 1602 1685 ι1τοῖς
1647 1636 1766 1687 θεοῖς
1782 1661 1819 1684 ιο

1055 1715 1073 1733 ,κ

239 1716 323 1768 τὸν
362 1719 619 1780 Φίλιππον,
661 1718 723 1768 ὅτ’
766 1718 1004 1779 ἔσπενδεν,
1050 1740 1079 1780 η
1124 1715 1232 1769 τοὺς
1278 1716 1552 1779 Θηβαίουςς
1600 1713 1673 1783 ἆρ’
1715 1717 1768 1767 οὐ

240 1800 411 1867 κράτος
448 1802 697 1865 Χπολέμου
744 1803 820 1852 καὶ
868 1802 999 1866 νίκην
1039 1802 1195 1854 αὑτοῖς
1239 1802 1316 1850 καὶ
1359 1804 1456 1853 τοῖς
1498 1800 1768 1868 συμμάχοις

525 1887 539 1903 Χ

240 1885 428 1948 διδόναι,
465 1907 541 1935 και
578 1886 829 1936 Ῡτάναντία
867 1890 963 1937 τοῖς
1002 1888 1095 1934 τῶν
1131 1883 1366 1945 Φωκέων;
1418 1884 1585 1935 οὐκοῦν
1618 1891 1767 1936 ταῦτα

238 1969 530 2037 Ζσυνηύχετο
576 1970 711 2023 οὗτος
757 1971 832 2020 καὶ
876 1973 1111 2035 κατηρᾶτο
1156 1972 1213 2036 τῇ
1257 1968 1459 2034 πατρίδι,
1502 1965 1534 2017 ἃ
1576 1972 1659 2018 νῦν
1702 1972 1814 2026 eis-15

240 2051 457 2121 κεφαλὴν
484 2055 601 2116 ὑμᾶς
627 2054 753 2122 αὐτῷ
779 2056 851 2104 δεῖ
871 2052 1061 2120 τρέψαι.

147 2153 227 2193 ῐ44
314 2138 504 2188 Οὐκοῦν
542 2136 691 2206 ᾤχετο
728 2137 813 2201 μὲν
849 2135 980 2203 παρὰ
1016 2135 1099 2186 τὸν
1140 2135 1297 2199 νόμον,
1335 2133 1385 2188 ὃς
1421 2133 1650 2186 ειθάνατον
1684 2158 1760 2186 κε-

237 2220 360 2272 λεύει
407 2221 586 2273 τούτων
631 2220 718 2285 τὴν
755 2220 921 2287 ζημίαν
961 2217 1089 2270 εἶναι’
1139 2217 1292 2269 ἐλθὼν
1333 2221 1374 2269 δ’
1409 2219 1558 2269 ἐκεῖσε
1597 2218 1766 2285 ἑτέρων

1575 2358 1590 2375 Ε

290 2382 306 2410 f
327 2385 440 2432 χώρᾳ]
473 2386 600 2430 χώραις
627 2398 655 2419 1“.
683 2390 718 2420 et
744 2397 812 2420 rec.
836 2385 918 2419 S.Y.
1085 2389 1106 2417 g
1131 2382 1271 2428 ηὔχετο]
1306 2384 1425 2428 εὔχετο
1451 2382 1533 2416 SY.
1571 2383 1695 2427 ηὔχετο
1719 2383 1760 2418 F.

235 2436 257 2464 h
276 2438 534 2484 συνεπαιώνιζε]
562 2439 795 2481 συνεπαιάνιζε
816 2451 843 2472 s.
865 2451 917 2484 pr.
938 2438 979 2472 A.
1002 2443 1037 2472 et
1056 2449 1124 2472 rec.
1145 2449 1177 2472 v.
1308 2433 1318 2460 i
1338 2436 1540 2482 προῦπινεν]
1566 2437 1763 2481 προῦτεινεν

235 2504 288 2538 pr.
308 2493 351 2527 Y.
374 2498 410 2527 et
428 2507 483 2538 γρ.
505 2493 546 2527 F.
622 2489 643 2516 k
663 2492 724 2536 μὲν
745 2504 816 2526 om.
835 2492 947 2526 O.t.u.
1031 2488 1041 2516 Ῑ
1064 2489 1269 2535 ἐξωμοσίας]
1295 2487 1479 2534 ἐξομοσίας
1498 2489 1541 2523 A.
1622 2494 1652 2513 m
1673 2489 1757 2536 ἐκεῖ]

235 2546 345 2579 ἐκεῖσε
365 2546 476 2580 ἐλθὼν
495 2546 639 2580 A.k.r.s.
771 2551 791 2570 Π
811 2544 1034 2590 διεπράξατο]
1057 2544 1281 2589 διεπράξαντο
1301 2555 1354 2588 pr.
1376 2555 1410 2576 v.
1540 2547 1559 2567 0
1579 2555 1761 2587 συμπρεσ-

233 2599 411 2646 βεύοντες]
437 2597 788 2645 συμπρεσβεύσαντες
808 2600 881 2632 A.s.
997 2603 1017 2631 Ρ
1037 2595 1419 2642 καταμαρτυρήσουσιν]
1443 2597 1761 2641 καταμαρτυροῦσιν

234 2653 382 2687 A.k.r.s.
481 2658 501 2686 q
521 2652 612 2697 ἐμοὶ]
636 2650 714 2697 παρ’
735 2653 808 2695 ἐμοὶ
827 2665 855 2686 r.
950 2657 965 2675 r
985 2651 1024 2684 οὐ
1044 2651 1109 2696 γὰρ
1129 2650 1166 2684 in
1185 2662 1306 2684 rasura
1324 2649 1431 2683 trium
1451 2654 1661 2694 quattuorve
1680 2649 1759 2683 lite-

234 2717 352 2740 rarum
373 2706 479 2740 habet
501 2706 536 2740 S.
632 2711 647 2730 S
668 2706 805 2740 Titulos
825 2717 894 2740 om.
918 2705 952 2738 S.
975 2704 1088 2750 spatio
1108 2715 1218 2738 vacuo
1237 2703 1371 2737 relicto.
1455 2701 1469 2726 t
1488 2702 1669 2748 γράμματα
1688 2713 1759 2737 om.

235 2758 358 2798 Y.Q.t.
509 2765 531 2784 ¹1
550 2761 620 2794 τοῖς
639 2759 728 2794 θεοῖς
747 2759 807 2792 τὸν
826 2758 1014 2803 Φίλιππον]
1038 2759 1110 2792 τοῖς
1129 2757 1219 2792 θεοῖς
1238 2757 1411 2801 φίλιππον
1431 2755 1475 2789 Ο.
1507 2755 1567 2789 τὸν
1586 2755 1759 2800 φίλιππον

235 2814 307 2847 τοῖς
327 2813 416 2847 θεοῖς
436 2813 547 2847 A.k.s.
656 2818 675 2837 X
695 2813 849 2857 πολέμου
869 2817 949 2858 post
970 2811 1061 2854 νίκην
1080 2811 1117 2844 in
1139 2811 1174 2845 S.
1194 2810 1312 2856 posuit
1332 2809 1504 2850 librarius,
1526 2808 1585 2854 qui
1605 2820 1759 2843 errorem

236 2877 340 2899 suum
359 2866 510 2900 correxit
530 2866 668 2900 lineolis
688 2866 858 2911 appositis
878 2866 920 2899 (le
941 2865 1068 2910 quibus
1088 2863 1181 2898 conf.
1204 2863 1248 2897 ad
1267 2875 1301 2909 p.
1319 2861 1409 2902 228,
1430 2873 1487 2897 10.
1598 2867 1617 2895 Y
1637 2862 1757 2896 τάναν-

234 2918 306 2964 τία]
330 2918 489 2954 τάναντία
508 2918 637 2953 τούτων
657 2920 798 2953 A.k.r.s.
922 2924 939 2943 Ζ
961 2916 1169 2964 συνηύχετο]
1194 2914 1381 2961 συνεύχετο
1404 2915 1438 2949 S.
1554 2920 1574 2939 θ’
1593 2914 1754 2960 θάνατον]

235 2971 380 3006 θάνατον
398 2973 460 3017 μὲν
477 2985 506 3008 r.
