1930 3266
63 197 102 224 R.
119 180 304 223 XVIII.
325 194 366 234 p.
385 191 482 231 244,
501 194 532 219 s.
595 181 851 219 ΔΗΜΟΣΘ.
884 180 1010 218 ΠΕΡΙ
1039 181 1151 218 ΤΟΥ
1181 182 1489 220 ΣΤΕΦΑΝΟΤ.
1568 179 1652 219 235

138 297 280 343 ροδόκον
308 291 392 329 εἶναι
420 295 472 328 καὶ
499 295 640 327 πολλῶν
672 295 780 326 κακῶν
810 291 920 326 αἴτιον
944 292 985 334 τῇ
1018 293 1130 326 πόλει.
1160 293 1213 326 καὶ
1237 294 1331 337 τάξει
1358 308 1398 339 γε
1427 290 1565 336 Ιςταύτῃ
1593 296 1682 336 τῆς5

138 360 339 406 κατηγορίας
363 359 528 402 Αἰσχίνης
554 359 723 402 κέχρηται,
750 360 885 402 πρῶτον
913 357 1016 390 εἰπὼν
1041 358 1119 402 περὶ
1143 358 1204 390 τοῦ
1232 360 1300 390 τῶν
1325 356 1520 391 ὑπευθύνων
1548 360 1653 401 νόμου

139 425 192 459 καὶ
211 423 369 467 δεύτερον
393 423 471 467 περὶ
496 424 556 455 τοῦ
579 424 646 455 τῶν
672 421 892 466 κηρυγμάτων
918 421 971 454 καὶ
990 421 1104 466 τρίτον
1123 422 1201 465 περὶ
1220 423 1278 464 τῆς
1306 421 1494 456 πολιτείας·
1526 420 1653 465 ἠξίωσε

139 487 177 521 δέ
204 488 257 520 καὶ
276 487 335 520 τὸν
355 485 575 529 Δημοσθένην
600 485 662 528 τὴν
684 485 788 528 αὐτὴν
809 485 907 528 τάξιν
931 483 1155 527 ποιήσασθαι.
1185 485 1203 516 ὁ
1229 485 1265 518 δέ
1290 484 1402 529 ῥήτωρ
1427 485 1479 518 καὶ
1503 484 1569 517 ἀπὸ
1595 486 1654 528 τῆς

138 551 312 586 πολιτείας
339 551 400 594 τὴν
426 550 534 594 ἀρχὴν
563 548 748 592 ἐποιήσατο
778 550 831 582 καὶ
856 550 960 582 πάλιν
986 549 1032 584 εἷς
1055 548 1180 592 ταύτην
1205 550 1264 583 τὸν
1292 550 1398 594 λόγον
1424 550 1652 594 κατέστρεψε,
1670 558 1708 580 10

137 617 298 659 τεχνικῶς
325 617 441 647 ποιῶν·
472 613 524 647 δεῖ
549 613 616 658 γὰρ
646 611 817 657 ἄρχεσθαί
838 627 875 645 τε
900 612 966 645 α’πὸ
996 616 1063 646 τῶν
1094 609 1349 658 Ῑῖσχυροτέρων
1380 613 1432 646 καὶ
1462 612 1580 658 λήγειν
1609 615 1656 650 εἷς

138 681 255 713 ταῦτα·
283 679 373 721 μέσα
403 678 439 712 δέ
467 677 592 712 τέθεικε
618 677 660 710 τὰ
685 678 763 721 περὶ
790 679 855 710 τῶν
881 678 1002 717 νόμων,
1025 677 1078 710 καὶ
1105 678 1153 724 τῷ
1178 677 1238 719 μὲν
1263 677 1341 721 περὶ
1371 680 1438 710 τῶν
1462 676 1655 711 ὑπευθύνων

138 739 329 784 ἇντιτίθησι
349 741 506 780 διανοίας,
526 742 573 787 τῷ
597 740 633 774 δέ
655 741 732 784 περὶ
757 742 824 772 τῶν
848 740 1069 784 κηρυγμάτων
1098 741 1200 783 νόμον
1225 739 1340 785 ἕτερον
1365 742 1438 783 ἤτοι
1464 742 1568 784 νόμου
1593 740 1651 784 με’-
1669 744 1706 776 ¹5

138 821 209 853 ρος,
236 804 282 840 ὥς
305 806 414 850 φησιν
442 805 554 844 αὐτὸς,
583 805 619 837 ἐν
646 801 672 851 ᾧ
695 805 952 849 συγκεχώρηται
978 804 1031 837 καὶ
1057 807 1092 837 ἐν
1117 806 1164 851 τῷ
1189 804 1318 850 θεάτρῳ
1344 803 1530 849 κηρύττειν,
1559 805 1616 839 ἐὰν
1639 806 1657 838 ὁ

139 870 243 914 δῆμος
261 868 280 913 ἢ
301 868 320 912 ἡ
339 868 449 912 βουλὴ
469 870 570 902 τοῦτο
590 867 803 913 ψηφίσηται.

698 949 837 977 ETEPA
865 948 1100 979 ΥΠΟΘΕΣῙΣ.

192 1007 363 1052 Ἀθηναῖοι
391 1008 444 1042 καὶ
468 1009 613 1051 Θηβαῖοι
643 1009 873 1051 πολεμοῦντες
901 1008 986 1053 πρὸς
1010 1006 1182 1042 Φίλιππον
1202 1008 1236 1042 ἐν
1255 1009 1451 1053 Χαιρωνείᾳ,
1471 1010 1571 1042 πόλει
1599 1010 1659 1053 τῆς

141 1072 312 1113 Βοιωτίας,
339 1071 545 1115 ἡττήθησαν.
577 1072 804 1116 ἐπικράτησας
830 1070 890 1105 οὖν
918 1073 936 1104 ὁ
963 1072 1127 1105 Μακεδὼν
1159 1072 1315 1117 φρουρὰν
1340 1073 1402 1114 μὲν
1430 1072 1476 1107 εἷς
1500 1074 1560 1107 τὰς
1586 1073 1655 1116 Θῆ-

139 1139 204 1179 βας
240 1136 393 1178 ἐνέβαλε,
433 1137 486 1170 καὶ
523 1133 614 1181 εἶχεν
651 1136 716 1170 ὑπὸ
753 1138 850 1181 χεῖρα
883 1136 1127 1170 δουλεύουσαν.
1170 1136 1375 1172 ἐλπίσαντες
1412 1135 1470 1170 οὖν
1503 1138 1542 1170 τὸ
1573 1138 1686 1174 aba-<¹25

140 1201 259 1236 παθεῖν
287 1201 457 1245 Ἀθηναῖοι
493 1201 546 1234 καὶ
579 1200 664 1234 ὅσον
697 1201 828 1234 οὐδέπω
862 1199 932 1234 κατ’
961 1200 1070 1234 αὐτῶν
1098 1200 1189 1244 ἥξειν
1218 1200 1478 1245 προσδοκῶντες
1507 1202 1566 1234 τὸν
1595 1200 1655 1235 τύ·
1672 1206 1751 1248 223

140 1280 274 1312 ραννον,
301 1265 497 1308 ε’σκέψαντο
524 1265 565 1298 τὰ
593 1266 806 1307 πεπονηκότα
835 1265 919 1309 μέρη
950 1266 998 1311 τῷ
1024 1266 1136 1311 χρόνῳ
1163 1265 1224 1297 τοῦ
1254 1262 1389 1308 τείχους
1417 1265 1657 1309 ἐπανορθώσα-

142 1330 236 1371 σθαι,
269 1330 322 1363 καὶ
355 1329 395 1372 δὴ
428 1327 490 1374 ἀφ’
520 1330 666 1372 ἑκάστης
699 1330 812 1373 φυλῆς
841 1329 1028 1373 τειχοποιοὶ
1060 1327 1341 1372 προεβλήθησαν.
1389 1327 1521 1362 τοιόνδε
1554 1330 1607 1363 καὶ
1639 1329 1658 1373 ἡ

141 1393 320 1428 Πανδιονὶς
341 1393 379 1437 ἐξ
404 1393 522 1436 ἑαυτῆς
550 1391 664 1426 εἵλετο
693 1394 778 1438 πρὸς
806 1393 866 1435 τὴν
891 1391 1008 1436 χρείαν
1032 1393 1092 1425 τὸν
1111 1391 1249 1437 ῥήτορα.
1279 1394 1338 1435 τῆς
1365 1393 1479 1426 τοίνυν
1497 1393 1689 1438 ἐργασίας-5

141 1455 177 1490 ἐν
195 1455 316 1500 χερσὶν
336 1456 452 1497 οὔσης,
473 1455 698 1500 προσδεηθεὶς
716 1455 766 1488 ἔτι
785 1454 966 1499 χρημάτων
985 1454 1069 1497 μετὰ
1089 1454 1130 1487 τὰ
1151 1454 1314 1497 δεδομένα
1340 1454 1405 1487 ὑπὸ
1428 1455 1487 1496 τῆς
1515 1456 1658 1494 πόλεως,

142 1520 161 1552 ὁ
179 1517 291 1565 ῥήτωρ
317 1518 352 1552 ἐκ
377 1520 444 1552 τῶν
471 1518 563 1552 ἰδίων
582 1518 786 1561 ἐδαπάνησε,
808 1519 861 1551 καὶ
887 1518 947 1551 οὐκ
974 1519 1158 1561 ἐλογίσατο
1179 1518 1262 1551 αὐτὰ
1287 1520 1328 1560 τῇ
1358 1519 1470 1557 πόλει,
1491 1517 1582 1551 ἀλλὰ
1607 1518 1660 1551 καὶ

142 1580 341 1627 ἐχαρίσατο.
382 1579 507 1624 ταύτην
538 1581 697 1626 ἀφορμὴν
723 1582 742 1613 ὁ
772 1583 974 1625 Κτησιφῶν,
1001 1578 1048 1615 εἷς
1075 1583 1142 1614 τῶν
1167 1582 1448 1624 πολιτευομένων,
1480 1581 1662 1625 δεξάμενος
1677 1595 1714 1616 ῐο

142 1645 317 1690 εἰσήνεγκε
347 1646 483 1691 γνώμην
518 1646 553 1678 ἐν
582 1647 623 1688 τῇ
651 1647 762 1688 βουλῇ
788 1645 865 1690 περὶ
898 1645 1003 1678 αὐτοῦ
1028 1644 1198 1688 τοιαύτην,
1228 1645 1380 1688 66ἐπειδὴ
1415 1646 1563 1679 διατελεῖ
1593 1651 1660 1688 Δη-

143 1713 166 1728 “
184 1708 354 1753 μοσθένης
373 1710 391 1742 ὁ
411 1709 652 1753 Δημοσθένους
677 1708 755 1754 παρ’
777 1709 859 1743 ὅλον
879 1710 938 1742 τὸν
959 1709 1037 1750 βίον
1057 1712 1188 1743 εὔνοιαν
1208 1711 1254 1745 εἷς
1274 1710 1334 1753 τὴν
1353 1711 1455 1743 πόλιν
1475 1708 1662 1743 ἐπιδεικνύ-

146 1779 169 1792 “
189 1788 300 1818 μενος,
322 1775 375 1807 καὶ
400 1775 458 1807 νῦν
484 1774 521 1807 δὲ
543 1775 737 1818 τειχοποιὸς
763 1772 807 1807 ὧν
833 1775 885 1807 καὶ
910 1775 1134 1819 προσδεηθεὶς
1161 1775 1342 1819 χρημάτων
1358 1773 1488 1808 οἴκοθεν
1507 1774 1663 1819 παρέσχε

147 1842 170 1856 “
191 1838 244 1872 καὶ
274 1836 472 1882 ἐχαρίσατο,
502 1837 557 1871 διὰ
590 1839 692 1871 τοῦτο
723 1838 876 1882 δεδόχθω
907 1840 947 1880 τῇ
976 1839 1087 1880 βουλῇ
1119 1839 1171 1872 καὶ
1201 1840 1248 1885 τῷ
1275 1838 1368 1885 δήμῳ
1401 1838 1713 1883 στεφανοῦσθαιι5

147 1906 170 1920 “
191 1901 294 1934 αὐτὸν
321 1903 459 1949 χρυσέῳ
485 1902 659 1949 στεφάνῳ,
681 1902 716 1935 ἐν
741 1904 789 1948 τῷ
816 1902 956 1948 θεάτρῳ,
983 1902 1180 1949 τραγῳδιῶν
1203 1901 1375 1947 ἀγομένων
1401 1900 1556 1942 καινῶν,”
1578 1900 1664 1937 ἴσως

144 1964 203 1999 ὅτε
228 1964 342 2009 πλήθη
363 1966 541 2010 συντρέχει
570 1966 796 2008 ἐπιθυμοῦντα
825 1967 918 1999 καινὰ
942 1966 1094 2011 δράματα
1113 1966 1266 2007 βλέπειν.
1297 1967 1521 2012 εἰσαγομένου
1548 1967 1663 2001 τοίνυν

145 2029 199 2062 καὶ
218 2029 265 2064 εἷς
283 2030 343 2062 τὸν
362 2029 468 2072 δῆμον
486 2032 546 2063 τοῦ
569 2028 885 2074 προβουλεύματος,
907 2030 1090 2074 ἐφίσταται
1119 2033 1180 2063 τοῦ
1208 2031 1454 2074 Κτησιφῶντος
1479 2029 1663 2076 κατήγορος
1677 2044 1718 2066 20

146 2092 311 2137 Αἰσχίνης
331 2093 366 2126 εἰ(
385 2094 444 2135 τῆς
462 2093 636 2128 πολιτείας
655 2093 817 2137 ὑπάρχων
837 2093 970 2137 ἐχθρὸς,
992 2094 1188 2138 παράνομον
1205 2090 1286 2127 εἶναι
1308 2095 1453 2139 φάσκων
1472 2095 1557 2138 πρὸς
1576 2096 1665 2139 τρεῖς

146 2156 269 2199 νόμους
296 2156 335 2189 τὸ
362 2155 544 2200 ψήφισμα,
567 2155 623 2190 ἕνα
649 2157 710 2200 μὲν
734 2157 794 2189 τὸν
821 2155 999 2189 κελεύοντα
1028 2157 1088 2189 τὸν
1114 2155 1301 2191 ὑπεύθυνον
1324 2157 1368 2200 μὴ
1389 2158 1662 2201 στεφανοῦσθαι,

145 2219 226 2265 πρὶν
251 2217 291 2253 ἂν
317 2219 364 2266 δῷ
389 2220 449 2254 τὰς
479 2218 629 2256 εὐθύνας·
661 2222 754 2254 οὔπω
781 2220 816 2254 δέ
843 2219 980 2259 ταύτας,
1003 2221 1124 2264 φησὶν,
1147 2222 1164 2254 ὁ
1185 2222 1404 2264 Δημοσθένης
1432 2222 1586 2256 ἐδεδώκει
1611 2223 1665 2256 καὶ
1678 2235 1716 2266 ⁶5

147 2284 190 2317 τὰ
214 2283 356 2328 θεωρικὰ
382 2284 516 2318 διοικῶν
539 2285 592 2318 καὶ
617 2288 832 2329 τειχοποιῶν,
854 2285 906 2317 καὶ
932 2284 999 2318 ἔδει
1026 2284 1196 2329 ἀναμεῖναι
1226 2286 1278 2318 καὶ
1305 2285 1463 2330 ἐπισχεῖν
1488 2287 1527 2320 τὸ
1550 2287 1664 2332 γέρας,

149 2346 210 2382 ἕως
232 2345 272 2380 ἂν
297 2346 388 2392 ὀφθῇ
419 2347 561 2392 καθαρὸς
588 2348 798 2392 ἐξετασθείς.
830 2346 989 2392 δεύτερον
1015 2349 1051 2382 δὲ
1078 2349 1299 2394 ἀναγινώσκει
1333 2351 1436 2394 νόμον
1464 2351 1524 2384 τὸν
1550 2350 1665 2384 κελεύ-

149 2425 230 2445 οντα
263 2411 298 2444 ε’ν
326 2412 433 2444 Πνυκὶ
467 2412 738 2455 στεφανοῦσθαι,
775 2412 857 2445 11ὶέν
889 2414 929 2454 τῇ
968 2411 1143 2456 ἐκκλησίᾳ,
1178 2413 1376 2454 διαβάλλων
1413 2414 1492 2449 τοὺς
1524 2414 1668 2450 πολίτας

148 2474 227 2509 τοὺς
245 2475 447 2519 δεξαμένους
475 2475 510 2509 ἐν
532 2478 580 2522 τῷ
604 2476 734 2523 θεάτρῳ
760 2475 1023 2522 ἀναγορευθῆναι
1051 2479 1112 2510 τοῦ
1132 2478 1373 2521 Δημοσθένους
1401 2479 1461 2512 τὸν
1481 2479 1666 2523 στέφανον.
1683 2492 1765 2532 244

149 2538 168 2570 ὁ
187 2537 224 2571 δὲ
243 2537 356 2582 τρίτος
376 2539 477 2582 νόμος
496 2538 542 2574 εἷς
558 2539 618 2582 τὴν
638 2538 721 2581 ὃλην
741 2540 803 2584 ὁρᾷ
822 2541 883 2572 τοῦ
902 2538 981 2580 βίου
998 2541 1050 2573 καὶ
1068 2541 1127 2583 τῆς
1146 2541 1321 2576 πολιτείας
1341 2542 1508 2586 ἐξέτασιν·
1539 2541 1668 2575 κελεύει

147 2602 215 2647 γὰρ
242 2601 410 2646 μηδέποτε
433 2602 546 2647 ψευδῆ
571 2603 751 2648 γράμματα
781 2603 828 2637 εἷς
853 2604 892 2636 τὸ
921 2607 1086 2651 Μητρῷον
1117 2605 1278 2650 εἶσάγειν,
1309 2606 1389 2640 ἔνθα
1415 2606 1511 2640 ἐστὶν
1537 2605 1601 2640 ὅλα
1625 2607 1698 2645 τὰ5

149 2666 296 2710 δημόσια
315 2667 506 2712 γράμματα.
537 2666 714 2712 ἐψεύσατο
743 2667 793 2707 δέ,
815 2668 936 2712 φησὶν,
962 2670 1092 2701 εὔνοιαν
1118 2670 1171 2702 καὶ
1197 2669 1352 2712 σπουδὴν
1376 2669 1596 2716 μαρτυρήσας
1623 2676 1670 2718 τῷ

151 2730 372 2773 Δημοσθένει·
404 2732 564 2766 κακόνους
592 2731 658 2776 γὰρ
688 2732 823 2773 μᾶλλον
850 2732 904 2765 καὶ
934 2732 1097 2774 πολέμιος
1126 2731 1317 2777 εὑρίσκεται
1343 2736 1384 2776 τῇ
1413 2734 1561 2779 πατρίδι.
1591 2732 1670 2768 τοῦ-

150 2808 211 2828 του
236 2796 298 2828 τοῦ
326 2795 430 2838 νόμου
459 2795 631 2840 χρησίμου
660 2796 904 2840 τυγχάνοντος,
926 2798 988 2829 τοῦ
1007 2794 1136 2841 τρίτου,
1157 2796 1422 2841 ἀντιλαβόμενος
1441 2797 1560 2842 ὥσπέρ
1579 2812 1670 2833 τινος

204 2903 226 2930 k
254 2905 358 2950 ταύτῃ
378 2907 539 2942 WVolfius.
588 2908 789 2953 Legebatur
807 2906 941 2950 ταύτης.
1106 2905 1117 2933 l
1147 2908 1395 2956 ἰσχυροτέρων]
1424 2909 1576 2955 ἰσχυρῶν
1595 2921 1666 2957 o.p.

152 2963 183 2984 m
202 2959 238 2993 ἐν
256 2959 417 2995 Wolfius.
447 2961 648 3007 Legebatut
668 2961 728 2995 οὐκ
747 2961 795 2995 ἐν.
824 2960 929 2995 Conf.
950 2973 984 3006 p.
1009 2971 1096 3006 244,
1121 2971 1153 2995 2.

851 3021 980 3064 Hh2
