1930 3266
1886 0 1930 142 1

279 185 366 227 264
822 188 1251 227 ΔΗΜΟΣΘΕΝΟΎΣ
1342 186 1424 226 OR.
1443 185 1627 226 XVIII.
1651 201 1690 242 p.
1712 199 1808 240 250,
1826 194 1923 227 ειν-ἑ

862 309 883 339 b
900 315 1220 355 EHIETOAH.

211 389 266 433 95
397 385 593 427 Βασιλεὺς
628 387 871 425 Μακεδόνων
907 386 1105 426 Φίλιππος
1139 383 1362 434 Ἀθηναίων
1397 387 1441 435 τῇ
1480 387 1610 440 βουλῇ
1647 385 1708 424 καὶ
1747 387 1800 439 τῷ

338 451 442 506 δήμῳ
464 453 629 504 χαίρειν.
672 453 987 503 παραγενόμενοι
1016 450 1112 502 πρὸς
1141 452 1209 501 ἐμὲ
1237 453 1274 491 οἳ
1304 450 1391 502 παρ’
1414 453 1519 502 ὑμῶν
1544 452 1797 503 πρεσβευταὶ,
1814 461 1888 505 251

339 523 589 571 Κηφισοφῶν
617 521 679 559 καὶ
708 520 951 570 Δημόκριτος
971 519 1060 558 ςκαὶ
1088 519 1340 570 Πολύκριτος,
1365 519 1591 572 διελέγοντο
1619 520 1706 571 περὶ
1734 523 1800 570 τῆς

338 591 414 627 τῶν
447 589 596 627 πλοίων
630 587 811 638 ἀφέσεως
843 588 897 626 ὧν
928 585 1137 638 ἐναυάρχει
1166 585 1184 613 d
1201 586 1428 636 Λαομέδων.
1481 585 1562 626 καθ’
1595 588 1692 627 ὅλου
1726 588 1800 637 μὲν

336 655 435 694 θοῧν
462 654 595 706 ἔμοιγε
622 654 817 705 φαίνεσθε
848 654 892 693 ἐν
919 652 1075 707 μεγάλῃ
1099 653 1252 706 εὐηθείᾳ
1275 653 1452 701 ἔσεσθαι,
1476 652 1537 693 fei
1563 653 1686 693 o’EwO'
1707 654 1831 704 ἕέμὲό

335 720 551 760 λανθάνειν
587 721 646 761 ὅτι
679 719 960 770 ὴέξαπεστάλη
991 723 1113 759 ταῦτα
1147 721 1195 759 τὰ
1230 724 1352 759 πλοῖα
1387 720 1613 772 ἰπρόφασιν
1646 721 1720 771 μὲν
1753 720 1803 762 ὡς

566 787 912 840 Ιὶπαραπέμψοντα
941 789 982 828 ἐκ
1008 791 1075 827 τοῦ
1101 786 1406 836 εΕλλησπόντου
1433 789 1487 829 εἰς
1507 788 1682 837 Λῆμνον,
1705 792 1802 838 βοη-

335 789 405 829 τὸν
433 793 546 829 σῖτον

338 855 511 906 θήσοντα
539 856 582 894 δὲ
611 854 925 906 1Σηλυβριανοῖς
954 858 1035 896 τοῖς
1065 853 1127 893 ὑπ’
1152 855 1246 904 ἐμοῦ
1271 855 1344 903 μὲν
1372 853 1727 905 πολιορκουμένοις,
1755 855 1800 894 οὐ

337 921 753 973 συμπεριειλημμένοις
781 923 822 962 δὲ
852 923 894 961 ἐν
922 926 1007 964 ταῖς
1037 924 1102 971 τῆς
1133 923 1270 972 φιλίας
1301 922 1408 977 κοινῇ
1442 922 1634 972 κειμέναις
1663 931 1695 950 ¹¹¹
1710 923 1800 972 ἡμῖν
1816 937 1853 958 10

209 986 266 1039 96
337 987 558 1038 συνθήκαις.
603 989 664 1027 καὶ
695 990 815 1027 ταῦτα
846 987 1068 1040 συνετάχθη
1097 989 1147 1042 τῷ
1177 988 1359 1042 ναυάρχῳ
1387 989 1480 1028 ἄνευ
1511 995 1529 1012 ¹¹
1542 990 1615 1039 μὲν
1643 992 1710 1029 τοῦ
1737 989 1797 1040 δή-

333 1073 408 1107 μου
433 1059 530 1095 ῡτοῦ
560 1054 794 1105 Ἀθηναίων,
821 1055 896 1095 ὑπὸ
924 1055 966 1095 δέ
997 1072 1114 1096 τινων
1143 1057 1346 1109 ἀρχόντων
1375 1057 1438 1096 καὶ
1469 1057 1612 1108 ἑτέρων
1640 1059 1800 1098 ἰδιωτῶν

333 1125 408 1176 μὲν
437 1127 506 1164 νῦν
531 1125 669 1170 ὄντων,
695 1125 736 1163 ἐκ
764 1123 911 1166 παντὸς
938 1125 980 1163 δὲ
1009 1125 1152 1175 τρόπου
1180 1124 1440 1175 βουλομένων
1467 1124 1537 1164 τὸν
1565 1127 1685 1176 δῆμον
1714 1126 1800 1166 ἀντὶ

334 1195 400 1242 τῆς
427 1194 495 1232 νῦν
515 1191 767 1244 ὑπαρχούσης
786 1191 882 1242 πρὸς
905 1192 971 1241 ἐμὲ
995 1193 1132 1243 φιλίας
1152 1192 1222 1231 τὸν
1243 1193 1419 1242 πόλεμον
1440 1193 1677 1243 ἀναλαβεῖν,
1700 1199 1797 1233 πολ-
1815 1208 1850 1239 ¹5

335 1263 394 1315 λῷ
425 1263 583 1310 μᾶλλον
615 1266 632 1290 1³
647 1257 988 1311 φιλοτιμουμένων
1019 1263 1132 1299 τοῦτο
1163 1259 1503 1299 Ἷσυντετελέσθαι
1532 1258 1555 1310 ἢ
1586 1264 1667 1302 τοῖς
1699 1265 1799 1312 ΓΣη-

334 1331 566 1380 λυβριανοῖς
605 1329 814 1377 βοηθῆσαι.
874 1328 936 1366 καὶ
974 1326 1329 1377 ὑπολαμβάνουσιν
1369 1328 1500 1369 αὐτοῖς
1539 1327 1582 1366 τὸ
1619 1331 1798 1368 5τοιοῦτο

209 1401 261 1444 97
335 1397 552 1447 ιπρόσοδον
575 1394 750 1434 ἔσεσθαι·
785 1394 831 1434 οὐ
857 1395 991 1445 με’ντοι
1015 1411 1080 1444 μοι
1102 1397 1210 1433 δοκεῖ
1229 1402 1247 1421 ¹¹
1260 1396 1371 1433 τοῦτο
1392 1393 1588 1446 χρήσιμον
1607 1395 1799 1448 ὑπάρχειν

335 1461 415 1503 οὔθ’
437 1464 528 1513 ὑμῖν
549 1460 626 1502 οὔτ’
651 1462 747 1512 ἐμοί.
791 1463 922 1513 διόπερ
944 1461 992 1501 τά
1012 1478 1054 1502 τε
1077 1464 1146 1502 νῦν
1167 1460 1414 1514 καταχθέντα
1438 1466 1558 1502 πλοῖα
1583 1462 1681 1514 πρὸς
1700 1463 1798 1513 ἡμᾶς
1814 1479 1852 1500 zo

335 1531 477 1582 ἀφίημι
512 1531 614 1580 ὑμῖν,
651 1530 713 1569 καὶ
748 1532 815 1569 τοῦ
850 1533 1005 1575 λοιποῦ,
1042 1530 1111 1569 ἐὰν
1147 1530 1352 1579 βούλησθε
1385 1529 1436 1579 μὴ
1468 1529 1690 1580 ἐπιτρέπειν
1719 1534 1800 1571 τοῖς

333 1598 621 1650 προεστηκόσιν
652 1597 759 1647 ὑμῶν
795 1595 990 1646 κακοήθως
1024 1597 1316 1643 πολιτεύεσθαι,
1349 1596 1442 1635 ἀλλ’
1473 1597 1685 1646 ἐπιτιμᾶτε,
1717 1613 1799 1637 πει-

333 1665 505 1717 ράσομαι
528 1664 632 1716 κάγὼ
655 1662 934 1715 διαφυλάττειν
954 1662 1025 1708 τὴν
1047 1662 1214 1714 εἰρήνην.
1257 1663 1469 1715 εὐτυχεῖτε.

209 1747 262 1801 98
350 1743 569 1794 Ἐνταῦθ’
598 1744 802 1804 οὐδαμοῦ
841 1742 1197 1805 ΧΔημοσθένην
1235 1742 1486 1807 γέγραφεν,
1520 1743 1613 1792 οὐδ’
1647 1742 1798 1793 αἰτίαν
1812 1766 1850 1798 ²5

277 1828 495 1890 οὐδεμίαν
540 1828 638 1877 κατ’
679 1827 804 1888 ἐμοῦ.
871 1827 920 1876 τί
959 1826 1063 1877 ποτ’
1105 1826 1186 1875 οὖν
1229 1830 1325 1879 τοῖς
1370 1825 1539 1878 ἄλλοις
1584 1826 1801 1890 ἐγκαλῶν

276 1915 370 1962 τῶν
396 1912 497 1974 ἐμοὶ
529 1910 876 1976 πεπραγμένων
902 1910 1005 1976 οὐχὶ
1037 1909 1301 1974 μέμνηταις
1346 1908 1417 1960 ὅτι
1451 1914 1546 1960 τῶν
1578 1909 1802 1974 ἀδικημά-

277 2018 372 2046 των
405 1993 462 2045 ἂν
497 1994 725 2058 ἐμέμνητο
763 1998 857 2043 τῶν
892 1994 1047 2056 αὑτοῦ,
1078 1993 1120 2043 εἴ
1149 2015 1194 2042 τι
1226 1994 1332 2058 περὶ
1363 1993 1477 2055 ἐμοῦ
1503 1992 1796 2061 Ῡέγεγράφει·

1783 2077 1797 2094 N

209 2077 456 2135 99τούτων
492 2077 585 2144 γὰρ
624 2075 817 2144 εἰχόμην
857 2075 949 2141 ἐγὼ
993 2077 1069 2126 καὶ
1114 2076 1295 2128 τούτοις
1332 2075 1660 2139 ἠναντιούμην.
1722 2098 1798 2126 και
1813 2097 1892 2140 252

276 2167 466 2230 πρῶτον
510 2160 595 2225 μὲν
636 2160 722 2225 τὴν
762 2165 824 2214 εὶς
866 2159 1243 2219 Πελοπόννησον
1287 2159 1547 2225 πρεσβείαν
1591 2158 1798 2228 ἔγραψα,

332 2305 349 2329 b
370 2307 566 2351 Ἐπιστολὴ
586 2308 737 2343 A.S.1·.V.
777 2307 978 2352 Legebatur
998 2305 1189 2350 Ἐπιστολὴ
1209 2305 1394 2340 Φιλίππου.
1435 2310 1457 2325 “
1470 2306 1667 2352 Epistolam
1686 2307 1798 2352 ipsam

277 2362 314 2396 in
329 2362 487 2407 margine
507 2361 608 2406 ponit
627 2362 662 2394 k.
682 2373 750 2394 om.
769 2373 797 2396 s.
816 2361 876 2406 qui
895 2360 1018 2394 ceteris
1039 2372 1179 2405 quoque
1197 2360 1233 2393 id
1253 2371 1364 2405 genus
1384 2359 1470 2393 actis
1490 2361 1621 2394 caret.’'
1643 2361 1796 2397 ssEKK,

278 2415 474 2461 Epistolam
495 2427 565 2448 om.
586 2414 692 2448 etiam
712 2415 752 2447 A.
890 2419 906 2439 0
925 2414 978 2447 καὶ
997 2413 1210 2458 Πολύκριτος
1230 2425 1299 2446 om.
1316 2413 1427 2458 Y.p.r.
1558 2409 1576 2437 d
1597 2413 1794 2459 Λαομέδων]

276 2470 452 2512 λαομένων
473 2468 509 2502 S.
536 2468 717 2512 λαοδάμων
735 2479 803 2512 p.1·.
889 2472 905 2491 e
924 2465 984 2500 οὖν
1003 2479 1074 2501 om.
1095 2479 1124 2502 ι’.
1219 2463 1234 2491 s
1252 2465 1297 2511 εἷ]
1321 2465 1378 2500 εἴτ’
1402 2466 1654 2505 S.Y.Q.O.t.u.
1684 2464 1743 2501 εἶτ’
1764 2479 1797 2502 V.

277 2527 299 2555 g
319 2522 377 2566 ἐμὲ
399 2522 435 2556 S.
465 2536 507 2565 με
525 2521 645 2567 vulgo,
777 2517 797 2545 h
817 2520 1050 2565 ἐξαπεστάλη]
1076 2520 1292 2564 ἐξαπεστάλη
1311 2520 1372 2563 μέν
1391 2520 1427 2553 k.
1566 2516 1576 2544 i
1596 2520 1794 2567 πρόφασιν]

277 2576 454 2622 προφάσει
473 2587 502 2610 r.
615 2571 636 2598 k
655 2573 949 2619 παραπέμψοντα]
973 2573 1250 2618 παραπέμψαντα
1269 2585 1298 2608 r.
1417 2569 1427 2597 Ῑ
1447 2574 1690 2618 σηλυβριανοῖς·
1710 2573 1796 2620 O.p.

277 2641 344 2663 r.u.
381 2628 605 2662 Scribebatul·
623 2629 904 2671 Σηλυμβριανοῖς.
940 2626 1044 2661 Conf.
1065 2627 1109 2660 ad
1127 2639 1161 2672 p.
1185 2624 1266 2674 198,
1284 2636 1344 2671 14.
1447 2631 1476 2650 m
1498 2625 1575 2670 ἡμῖν
1595 2626 1794 2673 συνθήκαις]

279 2681 461 2726 συνθήκαις
480 2681 557 2725 ἡμῖν
575 2693 642 2727 p.1·.
747 2686 766 2705 Π
786 2680 864 2726 μὲν]
886 2681 947 2723 μὲν
965 2680 1031 2726 γὰρ
1052 2680 1096 2714 Ο.
1193 2685 1211 2705 0
1231 2681 1292 2713 τοῦ
1311 2676 1497 2722 Ἀθηναίων
1519 2679 1602 2718 S.Q.
1631 2683 1699 2714 τῶν
1717 2680 1798 2724 ἀθη-

278 2735 379 2769 ναίων
398 2735 516 2780 vulgo.
618 2740 637 2768 P
657 2733 970 2779 φιλοτιμουμένων]
995 2731 1286 2778 φιλοτιμούμενον
1307 2733 1500 2778 S.Q.p.r.u.
1601 2738 1621 2767 q
1641 2747 1798 2767 συντετε-

277 2788 421 2834 λέσθαι]
450 2788 678 2822 συντελεσθαι
699 2788 734 2821 S.
774 2787 1016 2821 συντελεῖσθαι
1035 2787 1107 2821 Y.1·.
1131 2792 1166 2821 et
1189 2791 1365 2820 correctus
1386 2786 1431 2820 O.
1472 2787 1699 2831 συντετάχθαι
1723 2786 1796 2822 O.t.

278 2853 350 2876 u.v.
491 2847 507 2866 Γ
527 2842 770 2886 σηλυβριανοῖς
788 2852 894 2886 p.r.u.
924 2841 1168 2885 συληβριανοῖς
1187 2839 1231 2874 O.
1271 2839 1495 2874 Scribebatur
1514 2841 1795 2885 Σηλυμβριανοῖς.

280 2899 295 2919 S
314 2896 451 2928 τοιοῦτο
472 2894 558 2933 S.Q.
586 2896 742 2927 τοιοῦτον
760 2894 879 2939 vulgo.
1031 2893 1044 2917 t
1063 2893 1256 2939 πρόσοδον]
1280 2895 1459 2938 προσολον
1480 2892 1515 2926 S.
1545 2893 1632 2938 πρὸς
1650 2893 1734 2927 ὅλον
1753 2893 1794 2928 F.

279 2952 300 2972 ¹¹
321 2946 439 2992 τοῦτο]
461 2949 564 2981 τοῦτο
583 2948 623 2981 τὸ
645 2947 731 2983 S.Y.
857 2952 876 2971 Χ
897 2946 1134 2992 Δημοσθένην]
1159 2946 1371 2990 δημοσθένην
1390 2946 1462 2980 Y.1·.
1575 2951 1594 2979 Y
1613 2946 1797 2992 ἐγεγράφει

279 3000 450 3034 Devarius
471 3001 513 3035 de
533 3000 654 3046 partic.
675 3013 709 3046 p.
731 3006 815 3046 117.
836 3000 890 3034 ed.
912 3000 1056 3035 Reusm.
1098 3000 1298 3045 Legebatur
1317 3000 1484 3045 γέγραφε.
