1903 3271
1853 0 1903 164 Es

251 189 337 230 354
798 194 1226 232 ΔΗΜΟΣΘΕΝΟΎΣ
1359 192 1443 232 ΟΒ.
1467 191 1607 231 XIX.
1630 206 1670 246 p.
1689 192 1785 246 336,
1803 152 1903 237 η-Τῖί

251 304 303 339 ἀεὶ
331 305 656 350 καταστρεφομένου
690 307 743 340 καὶ
776 306 1030 352 ἐπηρεάζοντος,
1059 307 1154 353 λέγει
1187 308 1258 342 τοῖς
1285 305 1474 351 Ἀθηναίοις
1503 306 1630 352 ταχέως
1659 307 1775 342 δοῦναι
1790 317 1825 350 15

252 369 333 405 τοὺς
361 369 490 415 ὅρκους,
521 371 574 404 καὶ
605 371 649 415 μὴ
678 372 848 417 παρόντος
877 372 1159 416 Κερσοβλέπτου·
1198 371 1302 417 ἔλεγε
1330 372 1396 417 γὰρ
1425 370 1478 405 ὅτι
1512 370 1560 407 εἷς
1591 371 1652 415 τὴν
1681 370 1773 418 Θρᾴ-

252 448 312 478 κην
337 433 577 480 ἀπερχομένων
603 434 695 478 ἡμῶν
723 435 861 480 παρέξει
889 434 967 469 τοὺς
998 433 1117 479 ὅρκους
1145 435 1163 467 ὁ
1190 436 1472 480 Κερσοβλέπτης.
1518 435 1634 469 ἰστέον
1658 436 1694 469 δέ
1723 434 1776 470 ὅτι

253 497 475 541 Δημοσθένης
522 497 674 541 ἀπῆλθεν
720 498 755 531 ἐν
802 500 842 540 τῇ
885 497 1024 543 δευτέρᾳ
1072 499 1240 543 πρεσβείᾳ
1283 499 1338 532 διὰ
1380 497 1539 543 τοιαύτην
1580 501 1773 545 πρόφασιν·

251 561 410 596 ἀπελθὼν
447 562 513 608 γὰρ
551 562 598 597 εἷς
635 562 695 605 τὴν
733 563 870 607 πρώτην
906 561 1106 607 πρεσβείαν,
1146 561 1242 608 εὗρεν
1280 563 1315 596 ἐν
1353 563 1542 607 Μακεδονίᾳ
1578 563 1672 598 τινὰς
1708 566 1776 597 τῶν
1789 575 1830 596 20

251 624 435 670 Ἀθηναίων
469 626 717 670 αἰχμαλώτους,
754 627 806 660 καὶ
844 626 1018 671 ὑπέσχετο
1051 627 1171 673 φέρειν
1205 627 1239 661 ἐκ
1277 630 1344 661 τῶν
1378 625 1470 661 ἰδίων
1507 628 1688 672 χρημάτων
1724 629 1777 662 καὶ

251 688 426 735 ῥύσασθαι
464 689 597 729 αὐτοὺς,
636 689 697 722 οὐκ
734 688 879 733 ἠδύνατο
917 691 953 724 δέ
992 693 1093 724 τοῦτο
1136 692 1290 734 ποιῆσαι,
1330 691 1359 724 εἷ
1401 691 1445 736 μὴ
1485 692 1519 725 ἐν
1556 691 1777 737 προσχήματι

251 754 481 797 πρεσβευτοῦ.
528 753 629 797 ἔλεγε
660 752 697 786 δέ
728 752 788 795 τὴν
818 753 1007 798 πρεσβείαν
1037 753 1198 788 ἀπελθεῖν
1225 755 1302 801 πλῷ
1335 754 1390 787 διὰ
1420 754 1460 787 τὸ
1493 754 1616 789 αὐτοὺς
1648 752 1777 797 ταχέως
1789 764 1826 798 25

251 815 423 849 ἀπελθεῖν·
465 816 518 848 καὶ
556 814 642 848 ὅπου
676 813 716 849 ἂν
750 815 830 849 ὄντα
868 815 1040 851 πύθωνται
1072 817 1255 857 Φίλιππον,
1291 817 1342 851 δεῖ
1378 817 1501 852 αὐτοὺς
1532 816 1692 851 ἀπελθεῖν
1724 817 1778 850 καὶ

251 879 362 913 ἐκεῖσε
391 879 470 914 τοὺς
499 878 619 924 ὅρκους
646 881 777 920 λαβεῖν.
822 881 853 913 οἱ
882 880 919 914 δέ
947 881 991 924 μὴ
1018 881 1216 916 πεισθέντες
1242 883 1324 924 πεζῇ
1353 881 1519 924 ἀπῆλθον,
1549 881 1601 915 καὶ
1630 881 1677 915 εἷς
1703 886 1778 914 Μα-

252 942 404 976 κεδονίαν
435 941 642 977 ἀπελθόντες
675 942 836 976 ἐκάθισαν
871 942 974 978 ὅλους
1006 946 1096 988 τρεῖς
1129 945 1244 988 μῆνας,
1277 944 1338 980 ἕως
1366 944 1405 978 οὗ
1439 945 1554 978 πολλὰ
1583 947 1650 978 τῶν
1677 943 1777 988 Ἀθη·
1789 947 1867 994 337

252 1005 353 1040 ναίων
386 1005 494 1051 χωρία
531 1007 776 1051 καταστρέψας
812 1007 1008 1053 ὑπέστρεφε
1042 1008 1224 1049 Φίλιππος,
1260 1009 1295 1042 ἐν
1327 1007 1376 1044 οἷς
1410 1009 1462 1043 καὶ
1495 1009 1775 1054 Κερσοβλέπτης.

252 1070 305 1104 καὶ
332 1069 442 1103 ε’λθὼν
469 1069 530 1103 οὐκ
556 1070 655 1105 εὐθὺς
682 1070 857 1115 παρέσχεν
883 1073 998 1107 αὐτοῖς
1025 1072 1105 1108 τοὺς
1132 1071 1263 1118 ὅρκους,
1284 1072 1361 1107 ἀλλ’
1384 1071 1544 1106 εἵλκυσεν
1563 1073 1696 1114 αὐτοὺς,
1718 1072 1780 1109 ἕως

251 1133 437 1178 ηὐτρέπισε
463 1134 524 1177 τὴν
548 1135 603 1168 ε’πὶ
623 1135 755 1171 Φωκέας
780 1138 974 1182 στρατείαν,
996 1137 1103 1171 καίτοι
1129 1137 1442 1182 πρεσβευσαμένων
1467 1138 1552 1183 πρὸς
1579 1138 1682 1172 αὐτὸν
1702 1143 1806 1178 Φω-5

253 1262 328 1296 ἀντὶ
353 1264 414 1296 τοῦ
443 1265 636 1309 παρασχεῖν
663 1264 697 1297 ἐν
724 1265 801 1311 ἱερῷ
828 1265 908 1300 τοὺς
936 1265 1068 1311 ὅρκους,
1094 1267 1129 1300 έν
1151 1265 1343 1314 πανδοχείῳ
1368 1267 1523 1312 παρέσχε
1549 1267 1662 1313 λέγων
1687 1265 1775 1301 οὕτω

1900 1117 1903 1131 Ι

1898 1136 1903 1200 1

253 1199 338 1232 κέων
366 1199 444 1244 περὶ
474 1197 666 1235 διαλύσεως
693 1202 753 1233 τοῦ
786 1202 951 1245 πολέμου.
999 1202 1051 1235 καὶ
1081 1202 1282 1246 ἐξελθόντος
1310 1202 1414 1236 αὐτοῦ
1443 1202 1497 1236 ἐπὶ
1525 1202 1605 1237 τοὺς
1632 1202 1776 1244 Φωκέας,
1896 1206 1903 1269 ἰ

301 1328 492 1371 σπένδομαι
515 1327 705 1373 Ἀθηναίοις
732 1330 786 1363 καὶ
812 1331 884 1365 τοῖς
907 1329 1094 1374 Ἀθηναίων
1117 1332 1321 1375 συμμάχοις,
1345 1331 1449 1376 χωρὶς
1469 1329 1596 1364 εΑλέων
1622 1331 1675 1364 καὶ
1699 1335 1772 1364 Φω-
1789 1340 1828 1362 10

254 1397 278 1411 n
396 1391 416 1404 ’²

300 1392 393 1426 κέων.
454 1393 554 1439 ἔλεγε
581 1394 647 1439 γὰρ
674 1393 726 1427 ὅτι
755 1395 786 1428 οἱ
810 1393 923 1430 Ἀλεῖς
952 1396 1067 1440 ἐχθροὶ
1095 1395 1182 1439 ἦσαν
1206 1398 1273 1429 τῶν
1298 1394 1414 1441 φίλων
1442 1409 1519 1439 μου,
1544 1398 1612 1429 τῶν
1636 1400 1774 1441 Φαρσα-

1892 1377 1903 1402 ,ι

1885 1419 1901 1444 Ι,

252 1455 348 1490 λῖων·
379 1460 533 1491 Φωκεῦσι
559 1458 595 1491 δὲ
623 1458 662 1491 οὐ
692 1459 893 1502 σπένδομαι,
915 1459 1095 1503 ἐπειδήπερ
1122 1459 1301 1504 ἠσέβησαν
1327 1460 1374 1495 εἷς
1398 1461 1438 1494 τὸ
1465 1461 1566 1505 ἱερόν.
1606 1457 1777 1503 ἐλθούσης
1900 1467 1901 1470 ’

253 1515 314 1551 οὖν
338 1518 397 1560 τῆς
423 1517 581 1564 δευτέρας
605 1518 793 1564 πρεσβείας
821 1520 867 1555 εἷς
891 1521 953 1564 τὴν
976 1520 1134 1565 Ἀττικὴν
1156 1523 1174 1555 ὁ
1201 1523 1421 1566 Δημοσθένης
1447 1521 1640 1564 ἐστασίαζε,
1665 1522 1778 1567 λέγων

253 1580 306 1615 ὅτι
334 1581 394 1615 οὐκ
419 1581 557 1627 ἀρέσκει
584 1599 642 1628 μοι
670 1584 712 1618 τὰ
738 1585 803 1618 ὑπὸ
830 1586 1003 1620 Φιλίππου
1031 1586 1228 1632 δεδογμένα.
1271 1588 1288 1619 ὁ
1316 1587 1353 1620 δέ
1378 1586 1542 1631 Αἰσχίνης
1572 1586 1695 1631 ἔλεγεν
1723 1583 1776 1619 ὅτι
1791 1593 1826 1627 15

250 1645 358 1678 ταῦτα
391 1640 463 1678 εἶπε
493 1646 664 1683 Φίλιππος
695 1648 730 1681 έν
758 1649 806 1695 τῷ
837 1650 985 1695 φανερῷ·
1023 1649 1097 1692 ἐμοὶ
1128 1649 1163 1682 δέ
1197 1646 1289 1683 εἶπεν
1318 1649 1365 1683 εἷς
1393 1650 1432 1682 τὸ
1463 1647 1533 1688 οὖς,
1566 1646 1618 1682 ὅτι
1649 1650 1671 1665 “
1686 1645 1777 1690 πλὴν

251 1711 276 1725 “
296 1706 424 1741 Ἀλέων
453 1709 506 1742 καὶ
532 1710 672 1744 Φωκέων
701 1708 809 1752 εἶπον,
840 1710 894 1746 ἵνα
921 1712 965 1756 μὴ
994 1711 1158 1756 μαθόντες
1185 1714 1330 1756 Θηβαῖοι
1357 1712 1684 1758 παραφυλάξωνται·
1717 1710 1777 1744 αὖ·

253 1776 277 1790 “
297 1771 378 1807 τοὺς
402 1773 468 1819 γὰρ
497 1774 738 1821 εἶσερχόμενος
765 1775 939 1817 ἀπολέσω,
965 1775 1107 1811 τούτους
1136 1776 1172 1810 δέ
1202 1775 1343 1810 σώσω.”
1386 1777 1418 1810 οἶ
1444 1776 1480 1810 δέ
1505 1775 1674 1819 Ἀθηναῖοι
1701 1788 1775 1808 πει-
1789 1789 1831 1812 20

252 1835 392 1871 σθέντες
420 1836 566 1882 Αἷσχίνῃ
597 1838 860 1885 ἐχειροτόνησαν
888 1840 1005 1886 τρίτην
1036 1838 1236 1886 πρεσβείαν,
1265 1842 1470 1885 βουλόμενοι
1499 1839 1618 1885 μαθεῖν
1646 1838 1675 1872 εἶ
1707 1838 1777 1884 φυ-

250 1901 370 1935 λάττει
408 1901 579 1938 Φίλιππος
616 1905 658 1938 τὰ
696 1903 752 1938 ὑπ’
786 1905 953 1949 Αἰσχίνου
995 1905 1174 1950 λεχθέντα.
1226 1906 1280 1939 καὶ
1322 1904 1522 1950 ἐξωμόσατο
1560 1903 1780 1948 Δημοσθένης

251 1964 335 2009 μήτε
372 1968 590 2011 πρεσβεῦσαι
625 1968 709 2013 μήτε
746 1971 926 2010 κοινωνεῖν,
962 1968 1028 2003 ε’ίτε
1067 1971 1177 2005 καλῶς
1216 1968 1283 2004 ε’ίτε
1321 1973 1427 2005 κακῶς
1463 1970 1585 2015 πράξει
1617 1967 1636 2012 ἡ
1669 1981 1779 2014 πρεσ-
1875 1945 1895 2025 ιι

1883 2021 1895 2052 2<

251 2029 340 2070 βεία.
389 2031 441 2063 καὶ
479 2030 557 2065 τότε
595 2033 762 2078 φοβηθεὶς
799 2034 817 2066 ὁ
856 2033 1034 2078 Αἰσχίνης,
1073 2033 1204 2078 μήποτε
1241 2033 1348 2078 μένων
1382 2035 1400 2067 ὁ
1435 2032 1655 2078 Δημοσθένης
1691 2032 1776 2077 πέμ·
1790 2044 1826 2077 25

252 2095 321 2140 ψαι
347 2094 460 2129 πείσει
488 2097 547 2130 τὸν
573 2097 680 2141 δῆμον
705 2099 776 2134 τοῖς
799 2100 952 2132 Φωκεῦσι
975 2097 1146 2142 βοήθειαν,
1167 2097 1461 2144 προσεποιήσατο,
1485 2098 1528 2133 ὡς
1549 2098 1644 2143 λέγει
1663 2101 1776 2141 Δημο-

254 2159 389 2203 σθένης,
410 2160 610 2206 ἀρρωστεῖν.
651 2164 704 2196 καὶ
730 2164 807 2196 τότε
828 2164 846 2196 ὁ
866 2163 1019 2208 ἀδελφὸς
1042 2163 1145 2196 αὐτοῦ
1166 2165 1317 2206 Εὔνομος
1343 2161 1446 2205 ἦλθεν
1471 2163 1558 2207 έχων
1585 2161 1700 2206 ἰατρὸν
1725 2161 1778 2195 καὶ
1888 2209 1892 2222 7

253 2222 386 2267 ὀμνύων
407 2223 460 2258 ὅτι
480 2225 651 2270 (ἰρρωστεῖ
669 2227 846 2271 Αἰσχίνης.
886 2228 939 2260 καὶ
961 2227 1064 2260 αὐτὸν
1086 2228 1145 2260 τὸν
1172 2229 1326 2270 Εὔνομον
1351 2226 1425 2260 ἀντὶ
1450 2225 1573 2260 τούτου
1603 2226 1775 2270 ἐχειροτό-
1787 2226 1869 2282 338

253 2300 356 2329 νησεν
376 2287 393 2318 ὁ
415 2287 518 2330 δῆμος
537 2287 767 2333 πρεσβευτήν.
808 2290 861 2323 καὶ
881 2288 1099 2323 ἀπελθόντων
1118 2287 1248 2322 τούτων
1271 2292 1338 2323 τῶν
1355 2289 1549 2335 πρέσβεων,
1571 2288 1615 2324 ὣς
1633 2289 1775 2322 κατέλα-

251 2351 317 2390 βον
340 2352 499 2392 Εὔβοιαν,
527 2353 676 2388 ἥκουσαν
702 2351 755 2386 ὅτι
781 2356 914 2387 Φωκέας
943 2353 1205 2398 κατεστρέψατο
1233 2354 1250 2386 ὁ
1275 2354 1457 2394 Φίλιππος,
1482 2354 1535 2387 καὶ
1559 2351 1631 2398 μετ’
1652 2351 1804 2398 αἷσχύ-5

253 2428 311 2458 νης
331 2414 567 2460 ὑπέστρεψαν.
608 2415 778 2460 ἐλθούσης
801 2417 836 2450 δέ
863 2418 922 2460 τῆς
947 2417 1059 2462 τρίτης
1085 2416 1272 2462 πρεσβείας
1292 2418 1339 2453 εἷς
1358 2418 1418 2462 τὴν
1435 2417 1593 2461 Ἀττικὴν
1612 2417 1777 2462 Αἰσχίνης

252 2478 576 2524 αὐτοχειροτόνητος
595 2481 811 2526 πρεσβευτὴς
831 2481 962 2524 ἀπῆλθε
982 2483 1067 2526 πρὸς
1086 2481 1270 2521 Φίλιππον,
1293 2483 1336 2517 ὡς
1355 2483 1449 2527 λέγει
1470 2482 1703 2526 Δημοσθένης.

305 2540 437 2575 Ἰστέον
462 2543 499 2576 δέ
526 2543 578 2577 ὅτι
606 2545 691 2588 μετὰ
717 2544 778 2588 τὴν
802 2545 990 2590 πρεσβείαν
1016 2544 1160 2580 ἕκαστος
1185 2548 1252 2579 τῶν
1278 2545 1460 2591 πρέσβεων
1483 2544 1624 2580 εὐθύνας
1647 2544 1773 2580 ἐδίδου.

251 2605 305 2639 καὶ
333 2605 352 2649 ἡ
379 2606 442 2650 μὲν
470 2608 587 2652 πρώτη
615 2606 784 2654 πρεσβεία
815 2609 989 2653 παρέσχεν
1018 2608 1158 2645 εὐθύνας
1185 2608 1272 2644 οὕτω
1301 2612 1423 2651 καλῶς,
1455 2608 1545 2644 ὥστε
1572 2609 1633 2644 τὸν
1663 2614 1773 2653 Δημο-
1790 2623 1827 2645 10

252 2670 377 2714 σθένην
405 2671 540 2716 γράψαι
571 2671 714 2705 καλέσαι
744 2672 866 2707 αὐτοὺς
896 2672 945 2705 ἐπ’
974 2671 1127 2718 ἄριστον·
1159 2674 1235 2708 ἕθος
1265 2674 1331 2719 γὰρ
1357 2672 1396 2717 ἧν
1421 2673 1499 2709 τοὺς
1527 2675 1638 2709 καλῶς
1664 2687 1773 2719 πρεσ-

249 2735 483 2778 βευσαμένους
510 2735 555 2770 εἷς
583 2735 750 2779 δημόσιον
774 2736 917 2781 ι’ίριστον
943 2736 1132 2771 καλεῖσθαι.
1177 2737 1346 2783 ἀποροῦσι
1373 2738 1409 2771 δέ
1435 2738 1524 2773 τινές
1553 2736 1617 2777 ὅτι,
1644 2737 1674 2771 εἶ
1699 2736 1773 2781 ἠπί-

249 2813 358 2832 στατο
388 2800 608 2843 Δημοσθένης
639 2800 691 2834 ὅτι
721 2801 886 2846 προδόται
915 2799 1015 2844 ἦσαν,
1046 2802 1101 2835 διὰ
1130 2802 1164 2835 τί
1193 2801 1353 2846 ἐποίησεν
1381 2803 1504 2838 αὐτοὺς
1533 2803 1695 2845 κληθῆναι
1727 2801 1774 2838 εἷς
1788 2814 1823 2848 15

249 2862 417 2906 δημόσιον
436 2863 603 2909 ι’ἷριστονς
637 2864 689 2898 καὶ
715 2866 862 2910 λέγομεν
888 2864 939 2899 ὅτι
965 2865 1049 2909 μετὰ
1076 2866 1114 2899 τὸ
1138 2866 1280 2912 ι’ἷριστον
1307 2864 1392 2912 έγνω
1417 2867 1476 2901 τὸν
1500 2867 1631 2900 σκοπὸν
1650 2865 1771 2900 αὐτῶν.

248 2929 316 2959 τῶν
335 2927 370 2960 δέ
395 2928 454 2970 τῆς
477 2928 634 2974 δευτέρας
660 2931 847 2974 πρεσβείας
872 2930 975 2973 μόνος
996 2930 1013 2961 ὁ
1035 2929 1255 2974 Δημοσθένης
1275 2930 1417 2964 δέδωκεν
1436 2929 1586 2965 εὐθύνας.
1623 2931 1770 2974 μελλον-

247 3003 306 3025 τος
335 2990 371 3023 δὲ
402 2992 463 3024 τοῦ
492 2992 658 3038 Αἰσχίνου
688 2991 861 3038 παρέχειν,
892 2992 1018 3036 ε’πέστη
1047 2993 1219 3039 Τίμαρχος
1250 2995 1302 3028 καὶ
1333 2994 1553 3038 Δημοσθένης
1583 2993 1766 3040 κατηγορῆ-
1783 3009 1823 3031 20
