1882 3250
30 195 96 244 88,
117 209 166 233 ιι.
222 212 226 217 -
590 194 716 230 ΠΕΡΙ
749 193 1102 231 ΑΛΟΝΝΗΣΟΎ.
1547 194 1601 236 95

92 301 218 355 πολὺ
266 300 323 352 ἂν
372 300 653 368 δικαιότερον
704 304 780 370 ὑφ’
827 303 956 365 ὑμῶν
1000 300 1028 364 ὴ
1075 302 1317 354 Φίλιππος
1365 307 1595 364 μισοῖντο.
1616 327 1652 357 25

93 387 258 438 ἐκεῖνος
302 383 422 448 Ἷμέν
465 384 558 451 γὰρ
603 387 748 452 ἑαυτῷ
798 384 1030 447 κτώμενος
1079 382 1256 451 1’δόξαν
1306 386 1381 433 καὶ
1431 385 1596 448 μεγάλ’

94 467 249 534 ἀγαθὰ
293 466 510 518 8ἅπαντα
556 469 656 518 καθ’
698 469 826 530 ὑμῶν
869 466 1076 532 πράττει·
1130 465 1236 516 ὅσοι
1282 467 1319 515 δ’
1361 467 1602 530 Ἀθηναῖοι

94 551 220 604 ὄντες
255 550 320 614 μὴ
355 555 412 617 τῇ
446 552 647 616 πατρίδι,
679 549 835 600 ἵάλλά
868 550 1094 617 Φιλίππῳ
1130 550 1308 598 εὔνοιαν
1342 550 1599 599 ἐνδείκνυν-

94 657 181 697 ται,
219 633 447 700 προσήκει
491 632 656 687 αὐτοὺς
700 635 780 701 ὑφ’
821 634 950 696 ὑμῶν
994 631 1159 684 κακοὺς
1210 635 1361 685 κακῶς
1405 634 1599 682 ἀπολω-

93 718 236 778 λέναι,
270 717 396 783 εἴπερ
428 718 552 779 ὑμεῖς
587 715 669 767 τὸν
702 715 966 782 ἐγκέφαλον
1000 716 1047 764 ἐν
1081 719 1176 767 τοῖς
1209 713 1462 783 κροτάφοις
1494 717 1668 765 ¹²va88

93 801 158 865 μὴ
185 802 233 850 ἐν
258 805 357 853 ταῖς
382 800 599 866 πτέρναις
625 798 1098 862 Χκατοιπεποιτημένον
1125 801 1325 864 φορεῖτε.

28 898 78 942 47
167 881 459 934 ”Υπόλοιπόν
490 885 573 947 μοί
603 885 733 934 ἐστιν
768 882 831 932 ε”τι
869 880 986 947 πρὸς
1019 880 1192 944 ταύτην
1223 880 1308 944 τὴν
1343 881 1602 946 ἐπιστολὴν

93 965 177 1029 τὴν
211 967 259 1016 εὖ
298 966 502 1032 ἔχουσαν
540 969 614 1017 καὶ
651 965 758 1018 τοὺς
794 964 965 1030 λόγους
999 969 1093 1015 τῶν
1130 965 1379 1029 πρέσβεων
1414 963 1601 1033 γράψαι

92 1047 177 1113 τὴν
214 1047 477 1114 ἀπόκρισιν,
516 1047 574 1112 ἢν
613 1049 812 1114 ἡγοῦμαι
852 1049 1033 1098 δικαίαν
1070 1053 1111 1098 τ’
1148 1045 1259 1098 εἶναι
1301 1051 1376 1098 καὶ
1417 1050 1631 1119 συμφέ-,ς

91 1155 271 1199 ρουσαν
295 1133 442 1195 Υὺμΐν.

666 1234 1022 1260 *-

10 1246 15 1315 ἱ

10 1319 16 1467 ἱ
810 1389 886 1440 H.

11 1484 16 1631 ἱ
258 1520 448 1573 ΠΕΡΙ
497 1518 672 1571 ΤΩΝ
722 1519 833 1570 EN
882 1518 1432 1571 ΧΕΡΡΟΝΗΣΩΙ.

13 1634 16 1663 ι

13 1761 17 1805 1

14 1822 18 1967 ³

726 1743 962 1772 ΥΠΟΘΕΣῘΣ.

144 1832 182 1867 ‘0
203 1834 306 1878 λόγος
328 1830 426 1866 οὗτος
451 1830 533 1875 ὺπέρ
554 1829 753 1864 Διοπείθους
772 1828 898 1874 εἴρηται
924 1830 976 1863 καὶ
1000 1825 1045 1863 ὧν
1064 1830 1188 1864 ἐκεῖνος
1206 1829 1296 1874 παρὰ
1315 1827 1503 1872 Ἀθηναίοις
1522 1844 1600 1863 κατ-

92 1899 248 1944 ηγόρητο.
298 1895 337 1939 ἧν
363 1896 425 1939 μὲν
450 1895 516 1940 γὰρ
542 1895 756 1939 Χερρόνησος
784 1893 802 1936 ἡ
831 1895 916 1938 πρὸς
943 1892 1075 1939 Θρᾴκην
1104 1896 1171 1927 τῶν
1195 1892 1379 1936 Ἀθηναίων
1407 1894 1514 1936 κτῆμα
1542 1893 1600 1938 ἀρ-

92 1963 201 2006 χαῖον,
222 1961 268 1996 εἷς
287 1960 323 1994 δέ
343 1958 467 2002 ταύτην
489 1958 696 1992 ἀπέστειλαν
719 1958 801 1991 κατὰ
826 1959 905 1992 τοὺς
929 1958 1101 1991 Φιλίππου
1131 1957 1264 2002 καιροὺς
1289 1956 1499 2002 κληρούχους
1525 1959 1599 1992 ἐαυ-
1615 1972 1632 2003 5

95 2028 171 2059 τῶν.
218 2024 294 2058 ἔθος
313 2023 349 2057 δὲ
372 2022 410 2066 ἧν
430 2025 531 2056 τοῦτο
555 2022 701 2055 παλαιὸν
720 2023 791 2056 τοῖς
812 2020 1012 2064 Ἀθηναίοις,
1035 2021 1113 2054 ὅσοι
1139 2021 1278 2065 πένητες
1303 2019 1390 2064 ἦσαν
1416 2022 1526 2055 αὐτῶν
1551 2023 1605 2055 καὶ

95 2087 273 2131 ἆκτὴμονες
301 2085 397 2126 οἴκοι,
425 2084 565 2120 τούτους
592 2085 735 2128 πέμπειν
765 2084 919 2119 ἐποίκους
947 2085 993 2120 εἷς
1021 2086 1081 2119 τὰς
1110 2086 1204 2129 Ζὲξω
1233 2086 1351 2119 πόλεις
1378 2085 1438 2119 τὰς
1466 2086 1602 2118 ἑαυτῶν·

95 2152 147 2185 καὶ
165 2151 356 2195 ἐλάμβανον
375 2151 582 2193 πεμπόμενοι
603 2148 694 2182 ὅπλα
713 2163 749 2182 τε
769 2149 804 2182 ἐκ
824 2151 885 2182 τοῦ
909 2149 1076 2192 δημοσίου
1099 2149 1151 2182 καὶ
1178 2148 1329 2193 ἐφόδιον.
1377 2149 1429 2182 καὶ
1454 2151 1512 2182 νῦν
1534 2149 1603 2182 τοί-

96 2228 153 2248 νυν
180 2216 280 2248 τοῦτο
308 2213 438 2259 γέγονε,
470 2213 522 2246 καὶ
553 2213 778 2257 πεπόμφασιν
807 2212 960 2246 ἐποίκους
991 2212 1037 2246 εἷς
1065 2212 1125 2255 τὴν
1152 2214 1380 2257 Χερρόνησον,
1412 2213 1606 2258 στρατηγὸν
1621 2226 1659 2247 10

97 2277 208 2313 αὐτοῖς
227 2277 340 2313 δόντες
360 2277 577 2320 θ’Διοπείθην.
619 2277 650 2310 οἷ
667 2277 729 2321 μὲν
749 2275 807 2310 οὖν
826 2276 929 2310 ἄλλοι
949 2278 1194 2321 Χερρονησῖται
1213 2276 1292 2311 τοὺς
1311 2275 1515 2311 ἐπελθόντας
1535 2275 1605 2310 ⁶⁵65-

20 2479 21 2483 *
149 2444 169 2472 q
191 2439 251 2481 μὲν
269 2438 350 2485 γὰρ]
373 2439 434 2483 μέν
453 2438 485 2485 γ’
507 2439 541 2472 S.
679 2445 694 2463 Γ
713 2439 833 2485 δόξαν]
859 2439 911 2472 καὶ
931 2438 1033 2483 δόξαν
1052 2438 1094 2471 Y.
1224 2444 1238 2462 S
1259 2436 1405 2484 ἅπαντα]
1432 2439 1540 2472 πάντα
1560 2439 1603 2473 Y.

19 2488 22 2540 ᾗ
98 2489 113 2516 ’ί
130 2490 219 2525 ἀλλὰ
238 2504 342 2537 supra
360 2504 499 2526 versum
518 2492 561 2526 Y.
664 2497 685 2516 Π
705 2493 757 2526 καὶ
775 2492 839 2538 μὴ]
864 2492 955 2525 ἀλλὰ
973 2492 1018 2534 μὴ
1039 2492 1080 2525 Y.
1102 2497 1136 2524 et
1156 2505 1210 2535 γρ.
1233 2491 1271 2524 F.
1373 2497 1392 2515 X
1413 2505 1605 2525 καταπεπα-

20 2542 21 2546 ’
98 2544 252 2590 τημένον]
277 2545 394 2579 literas
414 2559 495 2578 κατα
515 2545 551 2578 in
570 2545 675 2578 litura
695 2545 849 2590 quinque
870 2545 1049 2578 literarum
1068 2544 1172 2577 habet
1194 2544 1230 2577 S.
1370 2550 1388 2577 y
1409 2544 1503 2589 ὑμῖν]
1528 2544 1606 2588 ἡμῖν

101 2597 135 2631 S.
178 2597 219 2630 In
236 2598 276 2631 B.
293 2598 422 2632 subscr.
440 2598 517 2643 περὶ
535 2597 706 2641 ἀλονὴσου
723 2599 1066 2642 HHHAAA·(330-)
1087 2597 1123 2630 in
1144 2597 1179 2631 S.
1196 2598 1604 2643 ΗΗΗΔΔΔΔΠ.(345.)

100 2649 142 2683 In
161 2650 201 2684 B.
220 2663 339 2685 versus
359 2656 441 2684 sunt
460 2661 546 2695 243.
602 2651 775 2685 Praeterea
794 2651 830 2684 in
852 2651 887 2684 S.
909 2650 1145 2695 subscriptum
1163 2648 1325 2682 TO'MOE
1348 2656 1387 2684 A.
1409 2650 1606 2694 φιλιππικοὶ

98 2714 196 2758 λογοὶ
215 2712 246 2751 ς’-.
267 2709 557 2757 ΧΧΗΗΙΔῖΔΔΠ.
616 2714 802 2748 Orationes
830 2715 898 2748 illae
928 2726 987 2747 sex
1015 2719 1096 2747 sunt
1125 2714 1316 2747 secundum
1339 2714 1497 2748 ordinem
1523 2726 1604 2748 nos-

21 2768 23 2790 ¹
98 2770 190 2800 trum
210 2767 345 2802 I-—IV.
368 2774 402 2802 et
422 2767 506 2801 VII.
523 2767 630 2802 VIII.
688 2768 825 2806 Quibus
855 2767 914 2812 qui
943 2767 1129 2811 subscripti
1159 2772 1241 2799 sunt
1271 2766 1416 2812 singulis
1441 2779 1605 2801 versuum

22 2850 24 2885 η
99 2821 232 2854 numeri
257 2833 365 2866 quum
394 2832 567 2854 summam
593 2820 744 2854 efficiant
768 2820 893 2860 2280„
919 2820 1143 2853 manifestum
1173 2826 1225 2852 est
1250 2820 1386 2853 numeri
1415 2832 1520 2866 supra
1544 2833 1604 2866 ap-

22 2891 25 2919 5
99 2872 201 2916 positi
225 2873 360 2908 literam
384 2874 544 2908 ultimam
564 2879 596 2906 Π
616 2874 652 2907 in
673 2879 700 2906 Δ
721 2885 795 2907 esse
816 2873 1033 2912 mutandam,
1055 2873 1135 2912 nisi,
1157 2873 1252 2917 quod
1271 2872 1387 2906 minus
1407 2873 1604 2915 verisimile,

22 2930 25 2956 ι
99 2924 159 2957 uni
177 2937 216 2959 ex
238 2926 304 2960 illis
323 2927 489 2968 numeris,
511 2926 570 2972 qui
590 2926 806 2960 orationibus
828 2926 855 2959 Ι.
875 2926 922 2959 ΙΙ.
941 2926 1008 2959 III.
1024 2926 1108 2959 VII.
1130 2925 1316 2971 subscripti
1337 2932 1431 2966 sunt,
1453 2927 1554 2960 litera
1573 2932 1605 2959 Π

101 2976 143 3010 sit
162 2978 384 3013 detrahenda.
489 2985 505 3003 Ζ
526 2980 591 3024 ἔξω
612 2979 730 3013 οῐη.Υ.
834 2985 852 3004 ῑῑ
872 2979 1043 3021 διοπείθην
1064 2979 1108 3013 O.
1160 2979 1358 3024 Legebatur
1378 2980 1550 3022 Διοπείθη.
