1903 3271
0 229 2 231 ‚
51 190 205 232 ——409‚
232 195 282 219 14.
521 183 647 218 ΠΕΡΙ
678 183 788 218 ΤΗΣ
821 183 1282 221 ΠΑΡΑΠΡΕΣΒΕΙΑΣ.
1600 183 1679 222 431

171 313 315 354 γεται,
353 291 459 352 μηδ’
489 295 525 340 εἰ
558 295 746 357 φαῦλον
780 291 919 355 ῒἐγώ.
963 293 1044 340 “οὐ
1078 291 1172 357 γὰρ
1210 288 1420 357 ῥητόρων
1459 292 1561 342 οὐδὲ
1601 292 1683 342 λό-

172 395 271 436 γων
315 374 471 438 κρίσιν
515 374 632 433 ὑμᾶς
676 373 888 438 τήμερον,
930 373 1055 438 ε’ίπερ
1095 375 1144 423 εὖ
1184 379 1408 440 φρονεῖτε,
1453 376 1679 440 προσήκει
1696 403 1736 425 20

169 460 330 516 ποιεῖν,
366 456 475 504 ἀλλ’
511 454 626 520 ὑπὲρ
668 455 961 520 πραγμάτων
999 459 1209 521 αἰσχρῶς
1251 459 1326 505 καὶ
1363 459 1520 509 δεινῶς
1558 459 1677 507 ἀπο-

168 536 397 587 λωλότων
447 537 567 601 Χτὴν
619 537 927 604 ὑπάρχουσαν
970 537 1201 604 αἰσχύνην
1247 544 1308 590 εἰς
1358 538 1467 591 τοὺς
1512 540 1683 592 αἰτίους

168 620 506 682 Ῡάπώσασθαι,
556 621 614 671 τὰ
672 620 994 686 πεπραγμένα,
1047 629 1063 646 ²
1085 619 1114 669 ἃ
1172 621 1342 673 πάντες
1405 622 1682 683 ἐπίστασθε,

169 702 523 770 ὃέξετάσαντας.
569 703 645 753 ι)τί
675 704 756 753 οὖν
794 705 895 753 ἐστὶ
930 709 1112 762 ταῦτα;
1157 702 1188 753 ἃ
1221 705 1345 765 ὑμεῖς
1380 704 1484 753 ἴστε
1517 707 1591 754 καὶ
1629 707 1682 755 οὐ

77 787 277 851 24οπαρ’
321 787 451 850 ἡμῶν
497 788 613 849 ὑμᾶς
658 789 857 837 ἀκοῦσαι
899 789 979 837 δεῖ.
1023 791 1060 836 εἰ
1098 787 1182 849 μὲν
1218 786 1342 852 ογδιρ
1378 785 1562 849 ἅπανθ’,
1605 788 1732 844 ὅσέ5

170 868 457 936 ᾱὺπέσχονθ
505 872 624 932 ὑμῖν,
666 872 716 920 ἐκ
757 874 838 934 τῆς
883 868 1063 935 εἰρήνης
1106 870 1282 935 γε’γονε,
1328 873 1403 920 καὶ
1448 871 1683 936 τοσαύτης

168 954 439 1018 θάνανδρίας
489 955 565 1003 καὶ
615 954 775 1005 κακίας
825 951 967 1015 Ϊὺμεῖς
1012 955 1283 1018 ὁμολογεῖτε
1336 952 1448 1003 εἶναι
1499 957 1680 1018 μεστοὶ,

167 1035 290 1086 ὥστε
331 1035 433 1099 μήτ’
464 1037 511 1086 ἐν
546 1039 603 1102 τῇ
646 1035 777 1103 χώρᾳ
815 1040 908 1085 τῶν
933 1038 1173 1098 πολεμίων
1201 1036 1348 1087 ὄντων
1373 1036 1478 1100 μήτ’
1506 1039 1555 1088 ἐκ
1591 1042 1676 1088 θα-

166 1119 342 1182 λάττης
381 1120 766 1184 πολιορκούμενοι
809 1120 909 1182 μήτ’
947 1122 994 1169 ἐν
1033 1120 1172 1189 ἄλλῳ
1217 1123 1378 1184 μηδενὶ
1424 1123 1557 1190 δεινῷ
1599 1126 1776 1186 τῆς-409

165 1202 349 1256 πόλεως
375 1204 532 1265 οὔσης,
557 1202 687 1252 ἀλλὰ
713 1207 787 1253 καὶ
813 1208 948 1253 σῖτον
975 1205 1145 1253 εὔωνον
1172 1203 1421 1265 ὠνούμενοι
1455 1208 1527 1254 καὶ
1555 1206 1674 1256 τόίλ-

73 1304 148 1342 241
166 1294 232 1336 λα
265 1285 395 1336 οὐδὲν
426 1291 580 1352 χεῖρον
613 1285 896 1350 πράττοντες
930 1285 958 1348 ὴ
998 1292 1092 1347 νῦν,
1118 1287 1383 1351 προειδότες
1421 1290 1495 1338 καὶ
1534 1311 1679 1354 προα-

1436 1369 1456 1395 h
1473 1373 1679 1421 ἀπολου-

163 1451 327 1512 μένους
369 1453 444 1501 καὶ
482 1452 722 1513 Θηβαίους
760 1450 982 1517 ἰσχυροὺς
1021 1451 1388 1560 ἰγενησομένους
1423 1455 1496 1503 καὶ
1538 1453 1707 1504 ιςτοίπὶ5

166 1367 382 1432 κηκοότες
428 1367 592 1433 ἕπαρόι
635 1368 812 1418 τούτων
853 1370 928 1418 καὶ
969 1367 1076 1422 τοὺς
1118 1368 1397 1436 συμμάχους

164 1533 357 1602 Θρᾴκης
397 1536 640 1585 Φίλιππον
679 1533 952 1601 ληψόμενον
979 1533 1098 1584 καὶ1
1115 1537 1162 1584 ἐν
1197 1537 1378 1603 Εὐβοία
1414 1558 1672 1587 κατασκευ-

163 1617 473 1681 ασθησόμενα
511 1617 770 1683 ὁρμητήρια
808 1619 878 1684 ἐφ’
916 1619 1032 1680 ὑμᾶς
1069 1621 1143 1668 καὶ
1177 1619 1315 1669 πάνθ’
1350 1618 1379 1669 ἃ
1417 1642 1678 1685 πεπρακται

162 1700 469 1764 γενησόμενα,
517 1699 614 1750 εἶτα
665 1699 750 1763 τὴν
802 1701 984 1766 εἰρήνην
1029 1701 1369 1766 ΙΙ]ε’ποιήσασθε
1411 1705 1677 1768 ἀγαπητῶς,

163 1785 549 1851 ἁποψηφισασθε
578 1785 820 1849 Αἰσχινου,
848 1787 922 1834 καὶ
949 1808 1013 1848 μη
1039 1785 1157 1850 πρὸς
1195 1786 1436 1839 τοσούτοις
1462 1792 1678 1854 αἰσχροῖς

163 1869 239 1917 καὶ
289 1868 524 1933 ἐπιορκίαν
573 1866 967 1932 προσκτήσησθε·
1025 1869 1155 1918 οὐδὲν
1207 1868 1299 1934 γὰρ
1351 1871 1465 1932 ὑμᾶς
1518 1872 1730 1931 ἀδικεῖ,ῐο

163 1953 277 2000 ἀλλ’
318 1950 410 2016 ἐγὼ
445 1952 666 2013 μαίνομαι
705 1953 815 2000 ηκαὶ
857 1952 1125 2018 τετύφωμαι
1160 1957 1242 2001 νῦν
1284 1957 1558 2018 κατηγορῶν
1596 1955 1676 2003 αὐ-

71 2040 261 2088 242τοῦ.
305 2038 342 2084 εἰ
381 2033 458 2084 0δέ
495 2033 651 2084 πάντα
688 2035 909 2083 τάναντία
947 2033 1125 2084 τούτων
1158 2037 1232 2084 καὶ
1267 2035 1434 2085 πολλὰ
1476 2038 1549 2085 καὶ
1589 2042 1670 2102 φι-

161 2117 422 2183 λάνθρωπα
461 2116 665 2171 εἰπόντες
702 2117 957 2178 Φίλιππον,
995 2123 1150 2182 φιλεῖν
1184 2117 1269 2181 τὴν
1302 2117 1458 2180 πόλιν,
1487 2119 1676 2172 Φωκέας

162 2200 388 2261 Ρσώσειν,
417 2201 656 2263 Θηβαίους
682 2199 882 2249 παύσειν
909 2202 990 2262 τῆς
1028 2202 1219 2265 ὕβρεως,
1245 2200 1310 2250 ε”τι
1344 2200 1461 2266 πρὸς
1497 2201 1675 2255 τούτοις

216 2377 230 2402 ¹2
250 2378 332 2424 ἐγώ]
354 2379 444 2423 λέγω
463 2391 490 2412 r.
602 2384 622 2402 ¹¹
643 2379 699 2425 οὐ]
725 2380 801 2413 οὐδὲ
824 2381 858 2413 S.
980 2386 999 2404 Χ
1021 2381 1080 2421 τὴν
1100 2393 1205 2426 supra
1224 2393 1362 2415 versum
1382 2381 1424 2415 Y.
1545 2387 1564 2414 Y
1584 2380 1674 2415 ἀπώ-

161 2446 308 2491 σασθαι]
331 2435 534 2481 ἆπώσασθιειι
556 2446 602 2482 Ο.
633 2447 819 2481 ἀπώσασθε
841 2448 924 2487 Qu.
998 2454 1014 2472 Ζ
1036 2448 1055 2481 ἂ
1075 2450 1214 2495 πάντες]
1239 2449 1384 2485 ἅπαντες
1405 2450 1488 2485 S.Y.
1562 2456 1580 2474 a
1601 2450 1672 2493 ἐξε-

159 2500 345 2546 τάσαντας]
371 2501 591 2544 ἐξετάσαντες
612 2500 933 2539 S.Y.Q.O.r.t.u.v.
986 2502 1231 2536 Nominativus
1262 2509 1395 2548 spectat
1425 2504 1468 2536 ad
1496 2503 1674 2547 imperati-

159 2565 242 2586 vum
261 2553 447 2587 ἀπώσασθε
469 2553 504 2586 in
524 2553 620 2586 libris
641 2554 849 2598 quibusdam
868 2555 1012 2588 lectum.
1084 2551 1103 2578 b
1124 2553 1159 2588 τί
1180 2556 1261 2589 SX.
1292 2556 1365 2589 τίνα
1385 2557 1501 2600 vulgo,
1573 2561 1589 2580 ὓ
1608 2556 1674 2600 γὰρ

159 2617 228 2639 om.
259 2606 404 2641 A.S.r.s.
561 2602 579 2630 ‘l
609 2605 814 2652 ὑπέσχονθ’]
844 2606 1006 2651 ὑπέσχεθ’
1041 2607 1383 2645 F.Q.O.k.r.s.t.u.v.
1429 2609 1601 2651 ὑπέσχετο
1628 2609 1671 2642 Α.

161 2663 176 2682 e
196 2658 390 2704 ἀνανδρίας]
415 2658 608 2702 ἅνανδρεῖας
630 2660 666 2692 S.
752 2657 767 2683 f
784 2659 877 2702 ὑμεῖς
896 2660 1114 2704 ὁμολογεῖτε]
1138 2662 1337 2705 ὁμολογεῖτε
1358 2661 1448 2703 ὑμεῖς
1470 2660 1672 2699 Q.O.t.u.V.

159 2716 180 2743 g
198 2712 306 2757 παρὰ]
330 2713 406 2756 περὶ
426 2713 530 2745 A.r.s.
650 2708 670 2735 h
691 2711 962 2757 ἀπολουμένους]
986 2712 1282 2756 ἀπολογουμένους
1302 2726 1354 2758 pr.
1378 2713 1421 2746 O.
1545 2711 1554 2738 i
1574 2727 1672 2758 γενη-

160 2764 342 2809 σομένους]
368 2765 610 2809 γεγενημένους
629 2765 770 2798 A.k.r.s.
869 2761 887 2787 k
909 2764 990 2798 τάπὶ
1012 2765 1046 2798 S.
1067 2765 1195 2810 aliique
1216 2766 1387 2799 nonnulli.
1418 2767 1458 2798 τὰ
1479 2766 1533 2798 ἐπὶ
1552 2766 1671 2811 vulgo,

160 2817 255 2861 quod
274 2822 327 2850 est
345 2817 382 2850 in
401 2817 488 2850 A.B.
626 2814 635 2841 l
656 2817 706 2862 ἐν]
732 2818 773 2850 τὰ
793 2817 827 2850 ἐν
848 2817 922 2855 Q.r.
944 2824 979 2852 et
998 2829 1066 2850 rec.
1082 2818 1117 2851 k.
1256 2824 1286 2842 m
1307 2817 1534 2862 ἐποιήσασθε]
1559 2817 1671 2861 ἐποιή-

161 2882 245 2902 σατε
266 2870 409 2904 A.k.r.s.
540 2875 559 2893 ¹¹
581 2870 633 2903 καὶ
652 2869 847 2915 τετύφωμαι
867 2869 903 2902 in
922 2886 978 2916 γρ.
1001 2870 1046 2908 Q.
1159 2875 1177 2895 0
1198 2871 1234 2904 δέ
1253 2872 1362 2905 πάντα
1380 2871 1612 2905 A.S.Y.k.r.s.
1643 2870 1673 2904 δ’

797 2920 815 2951 g
1394 2927 1412 2945 σ

160 2953 291 2989 ἅπαντα
305 2955 423 3000 vulgo.
534 2961 553 2988 P
574 2956 719 3002 σώσειν]
744 2958 873 2989 σώσειν
893 2957 931 2991 F.
962 2957 1082 2998 σώζειν
1104 2956 1309 2991 S.Y.O.u.v.
1341 2958 1461 2998 σώζειν
1478 2963 1505 2991 t.
