<?xml version="1.0" encoding="UTF-8"?>
<!DOCTYPE html PUBLIC "-//W3C//DTD XHTML 1.0 Transitional//EN"
    "http://www.w3.org/TR/xhtml1/DTD/xhtml1-transitional.dtd">
<html xmlns="http://www.w3.org/1999/xhtml" xml:lang="en" lang="en">
 <head>
  <title>
</title>
<meta http-equiv="Content-Type" content="text/html;charset=utf-8" />
  <meta name='ocr-system' content='tesseract 3.04.00' />
  <meta name='ocr-capabilities' content='ocr_page ocr_carea ocr_par ocr_line ocrx_word'/>
</head>
<body>
  <div class='ocr_page' id='page_1' title='image "./operaexrecension01demouoft_0229.png"; bbox 0 0 1882 3250; ppageno 0'>
   <div class='ocr_carea' id='block_1_1' title="bbox 81 157 1652 214">
    <p class='ocr_par' dir='ltr' id='par_1_1' title="bbox 81 157 1652 214">
     <span class='ocr_line' id='line_1_1' title="bbox 81 157 1652 214; baseline -0.003 -15"><span class='ocrx_word' id='word_1_1' title='bbox 81 171 246 214; x_wconf 73' lang='lat'><em>191‚22.</em></span> <span class='ocrx_word' id='word_1_2' title='bbox 451 162 576 197; x_wconf 88' lang='grc' dir='ltr'>ΠΕΡΙ</span> <span class='ocrx_word' id='word_1_3' title='bbox 607 162 717 198; x_wconf 82' lang='grc' dir='ltr'>ΤΗΣ</span> <span class='ocrx_word' id='word_1_4' title='bbox 750 161 959 198; x_wconf 84' lang='grc' dir='ltr'>ΡΟΔΙΩΝ</span> <span class='ocrx_word' id='word_1_5' title='bbox 991 161 1348 198; x_wconf 76' lang='grc' dir='ltr'>ΕΛΕΥΘΕΡΙΑΣ.</span> <span class='ocrx_word' id='word_1_6' title='bbox 1569 157 1652 196; x_wconf 72' lang='grc'>203</span> 
     </span>
    </p>
   </div>
   <div class='ocr_carea' id='block_1_2' title="bbox 137 290 1688 631">
    <p class='ocr_par' dir='ltr' id='par_1_2' title="bbox 137 290 1688 631">
     <span class='ocr_line' id='line_1_2' title="bbox 143 290 1650 378; baseline -0.001 -16"><span class='ocrx_word' id='word_1_7' title='bbox 143 290 368 366; x_wconf 81' lang='grc' dir='ltr'><strong>ΟΙΜΑΙ</strong></span> <span class='ocrx_word' id='word_1_8' title='bbox 397 315 490 362; x_wconf 82' lang='grc' dir='ltr'>δεῖν</span> <span class='ocrx_word' id='word_1_9' title='bbox 515 314 670 374; x_wconf 54' lang='grc' dir='ltr'>ὃὺμᾶς,</span> <span class='ocrx_word' id='word_1_10' title='bbox 697 311 733 362; x_wconf 72' lang='grc' dir='ltr'><em>ὦ</em></span> <span class='ocrx_word' id='word_1_11' title='bbox 760 312 920 378; x_wconf 75' lang='grc' dir='ltr'>ἄνδρες</span> <span class='ocrx_word' id='word_1_12' title='bbox 948 316 1203 375; x_wconf 81' lang='grc' dir='ltr'>Ἀθηναῖοι,</span> <span class='ocrx_word' id='word_1_13' title='bbox 1229 314 1334 377; x_wconf 75' lang='grc' dir='ltr'>περὶ</span> <span class='ocrx_word' id='word_1_14' title='bbox 1361 311 1650 373; x_wconf 82' lang='grc' dir='ltr'>τηλικούτων</span> 
     </span>
     <span class='ocr_line' id='line_1_3' title="bbox 138 394 1643 464; baseline -0.003 -17"><span class='ocrx_word' id='word_1_15' title='bbox 138 397 504 460; x_wconf 78' lang='grc' dir='ltr'>βουλευομένους</span> <span class='ocrx_word' id='word_1_16' title='bbox 541 396 715 447; x_wconf 85' lang='grc' dir='ltr'>διδόναι</span> <span class='ocrx_word' id='word_1_17' title='bbox 757 397 1027 462; x_wconf 82' lang='grc' dir='ltr'>παρρησίαν</span> <span class='ocrx_word' id='word_1_18' title='bbox 1070 394 1255 464; x_wconf 80' lang='grc' dir='ltr'>ἑκάστῳ</span> <span class='ocrx_word' id='word_1_19' title='bbox 1293 400 1387 445; x_wconf 82' lang='grc' dir='ltr'>τῶν</span> <span class='ocrx_word' id='word_1_20' title='bbox 1426 399 1643 457; x_wconf 78' lang='grc' dir='ltr'>συμβου-</span> 
     </span>
     <span class='ocr_line' id='line_1_4' title="bbox 138 476 1669 544; baseline -0.001 -15"><span class='ocrx_word' id='word_1_21' title='bbox 138 479 382 531; x_wconf 89' lang='grc' dir='ltr'>λευόντων.</span> <span class='ocrx_word' id='word_1_22' title='bbox 421 478 513 544; x_wconf 84' lang='grc' dir='ltr'>ἐγὼ</span> <span class='ocrx_word' id='word_1_23' title='bbox 540 481 581 528; x_wconf 84' lang='grc' dir='ltr'>δ’</span> <span class='ocrx_word' id='word_1_24' title='bbox 610 479 903 530; x_wconf 82' lang='grc' dir='ltr'>οὐδεπώποτε</span> <span class='ocrx_word' id='word_1_25' title='bbox 939 477 1194 544; x_wconf 79' lang='grc' dir='ltr'>ἡγησάμην</span> <span class='ocrx_word' id='word_1_26' title='bbox 1229 477 1442 544; x_wconf 83' lang='grc' dir='ltr'>χαλεπὸν</span> <span class='ocrx_word' id='word_1_27' title='bbox 1469 476 1548 527; x_wconf 57' lang='grc' dir='ltr'>ιῢτὸ</span> <span class='ocrx_word' id='word_1_28' title='bbox 1575 480 1669 533; x_wconf 50' lang='grc' dir='ltr'>δι-ν</span> 
     </span>
     <span class='ocr_line' id='line_1_5' title="bbox 137 558 1688 631; baseline -0.001 -19"><span class='ocrx_word' id='word_1_29' title='bbox 137 561 276 631; x_wconf 75' lang='grc' dir='ltr'>δάξαι</span> <span class='ocrx_word' id='word_1_30' title='bbox 315 562 372 612; x_wconf 76' lang='grc' dir='ltr'>τὰ</span> <span class='ocrx_word' id='word_1_31' title='bbox 401 563 634 623; x_wconf 80' lang='grc' dir='ltr'>βέλτιστα</span> <span class='ocrx_word' id='word_1_32' title='bbox 675 564 791 624; x_wconf 82' lang='grc' dir='ltr'>ὑμᾶς</span> <span class='ocrx_word' id='word_1_33' title='bbox 835 563 918 625; x_wconf 83' lang='grc' dir='ltr'>(ὡς</span> <span class='ocrx_word' id='word_1_34' title='bbox 956 561 1049 627; x_wconf 78' lang='grc' dir='ltr'>γὰρ</span> <span class='ocrx_word' id='word_1_35' title='bbox 1091 566 1233 612; x_wconf 79' lang='grc' dir='ltr'>εἰπεῖν</span> <span class='ocrx_word' id='word_1_36' title='bbox 1274 562 1453 621; x_wconf 77' lang='grc' dir='ltr'>ἁπλῶς,</span> <span class='ocrx_word' id='word_1_37' title='bbox 1492 558 1643 611; x_wconf 81' lang='grc' dir='ltr'>ἅπαν·</span> <span class='ocrx_word' id='word_1_38' title='bbox 1663 562 1688 605; x_wconf 74' lang='lat' dir='ltr'>5v</span> 
     </span>
    </p>
   </div>
   <div class='ocr_carea' id='block_1_3' title="bbox 1463 642 1742 704">
    <p class='ocr_par' dir='ltr' id='par_1_3' title="bbox 1463 642 1742 704">
     <span class='ocr_line' id='line_1_6' title="bbox 1463 642 1742 704; baseline -0.014 -10"><span class='ocrx_word' id='word_1_39' title='bbox 1463 642 1650 694; x_wconf 62' lang='lat' dir='ltr'>dmioaa</span> <span class='ocrx_word' id='word_1_40' title='bbox 1668 665 1683 690; x_wconf 88' lang='lat'><em>1</em></span> <span class='ocrx_word' id='word_1_41' title='bbox 1693 665 1715 704; x_wconf 85' lang='lat'>9</span> <span class='ocrx_word' id='word_1_42' title='bbox 1726 665 1742 691; x_wconf 81' lang='lat'>1</span> 
     </span>
    </p>
   </div>
   <div class='ocr_carea' id='block_1_4' title="bbox 92 643 1702 1547">
    <p class='ocr_par' dir='ltr' id='par_1_4' title="bbox 92 643 1702 1547">
     <span class='ocr_line' id='line_1_7' title="bbox 136 643 1425 713; baseline -0.002 -17"><span class='ocrx_word' id='word_1_43' title='bbox 136 669 211 699; x_wconf 90' lang='grc' dir='ltr'>τες</span> <span class='ocrx_word' id='word_1_44' title='bbox 251 645 500 712; x_wconf 54' lang='grc' dir='ltr'>οὑπάρχειν</span> <span class='ocrx_word' id='word_1_45' title='bbox 537 645 787 710; x_wconf 81' lang='grc' dir='ltr'>ἐγνωκότες</span> <span class='ocrx_word' id='word_1_46' title='bbox 823 669 902 709; x_wconf 92' lang='grc' dir='ltr'>μοι</span> <span class='ocrx_word' id='word_1_47' title='bbox 946 648 1152 713; x_wconf 80' lang='grc' dir='ltr'>δοκεῖτε,)</span> <span class='ocrx_word' id='word_1_48' title='bbox 1195 644 1325 694; x_wconf 79' lang='grc' dir='ltr'>ἀλλὰ</span> <span class='ocrx_word' id='word_1_49' title='bbox 1371 643 1425 694; x_wconf 80' lang='grc' dir='ltr'>τὸ</span> 
     </span>
     <span class='ocr_line' id='line_1_8' title="bbox 136 727 1650 796; baseline -0.001 -17"><span class='ocrx_word' id='word_1_50' title='bbox 136 728 357 795; x_wconf 86' lang='grc' dir='ltr'>πράττειν</span> <span class='ocrx_word' id='word_1_51' title='bbox 387 735 549 779; x_wconf 82' lang='grc' dir='ltr'>ταῦτα’</span> <span class='ocrx_word' id='word_1_52' title='bbox 594 728 778 779; x_wconf 82' lang='grc' dir='ltr'>ἐπειδὰν</span> <span class='ocrx_word' id='word_1_53' title='bbox 803 727 896 794; x_wconf 85' lang='grc' dir='ltr'>γάρ</span> <span class='ocrx_word' id='word_1_54' title='bbox 921 751 964 779; x_wconf 89' lang='grc' dir='ltr'>τι</span> <span class='ocrx_word' id='word_1_55' title='bbox 991 728 1107 796; x_wconf 75' lang='grc' dir='ltr'>δόξῃ</span> <span class='ocrx_word' id='word_1_56' title='bbox 1147 730 1220 778; x_wconf 73' lang='grc' dir='ltr'>καὶ</span> <span class='ocrx_word' id='word_1_57' title='bbox 1247 731 1492 795; x_wconf 79' lang='grc' dir='ltr'>ψηφισθῇ,</span> <span class='ocrx_word' id='word_1_58' title='bbox 1520 727 1650 778; x_wconf 56' lang='grc' dir='ltr'>θτότε</span> 
     </span>
     <span class='ocr_line' id='line_1_9' title="bbox 101 809 1651 879; baseline -0.001 -18"><span class='ocrx_word' id='word_1_59' title='bbox 101 809 260 862; x_wconf 57' lang='grc' dir='ltr'>αῐῖσον</span> <span class='ocrx_word' id='word_1_60' title='bbox 301 818 384 862; x_wconf 82' lang='grc' dir='ltr'>τοῦ</span> <span class='ocrx_word' id='word_1_61' title='bbox 425 815 691 879; x_wconf 80' lang='grc' dir='ltr'>πραχθῆναι</span> <span class='ocrx_word' id='word_1_62' title='bbox 732 812 891 878; x_wconf 76' lang='grc' dir='ltr'>ἀπέχει</span> <span class='ocrx_word' id='word_1_63' title='bbox 934 812 1173 877; x_wconf 57' lang='grc' dir='ltr'>ἕὸσονπερ</span> <span class='ocrx_word' id='word_1_64' title='bbox 1206 812 1317 876; x_wconf 74' lang='grc' dir='ltr'>πρὶν</span> <span class='ocrx_word' id='word_1_65' title='bbox 1359 809 1507 878; x_wconf 73' lang='grc' dir='ltr'>δόξαι.</span> <span class='ocrx_word' id='word_1_66' title='bbox 1548 811 1651 861; x_wconf 74' lang='grc' dir='ltr'>ε”ο-τι</span> 
     </span>
     <span class='ocr_line' id='line_1_10' title="bbox 134 894 1679 962; baseline 0 -17"><span class='ocrx_word' id='word_1_67' title='bbox 134 895 220 957; x_wconf 76' lang='grc' dir='ltr'>μὲν</span> <span class='ocrx_word' id='word_1_68' title='bbox 254 896 336 945; x_wconf 79' lang='grc' dir='ltr'>οὖν</span> <span class='ocrx_word' id='word_1_69' title='bbox 367 894 447 945; x_wconf 52' lang='grc' dir='ltr'>ῂὲν</span> <span class='ocrx_word' id='word_1_70' title='bbox 482 894 547 946; x_wconf 76' lang='grc' dir='ltr'>ὧν</span> <span class='ocrx_word' id='word_1_71' title='bbox 583 896 675 961; x_wconf 83' lang='grc' dir='ltr'>ἐγὼ</span> <span class='ocrx_word' id='word_1_72' title='bbox 714 894 881 960; x_wconf 75' lang='grc' dir='ltr'>νομίζω</span> <span class='ocrx_word' id='word_1_73' title='bbox 917 894 1054 962; x_wconf 85' lang='grc' dir='ltr'>χάριν</span> <span class='ocrx_word' id='word_1_74' title='bbox 1090 897 1208 957; x_wconf 83' lang='grc' dir='ltr'>ὑμᾶς</span> <span class='ocrx_word' id='word_1_75' title='bbox 1242 899 1336 947; x_wconf 82' lang='grc' dir='ltr'>τοῖς</span> <span class='ocrx_word' id='word_1_76' title='bbox 1368 898 1489 947; x_wconf 81' lang='grc' dir='ltr'>θεοῖς</span> <span class='ocrx_word' id='word_1_77' title='bbox 1525 895 1679 961; x_wconf 77' lang='grc' dir='ltr'>ὀφεί-5</span> 
     </span>
     <span class='ocr_line' id='line_1_11' title="bbox 134 976 1653 1044; baseline -0.001 -16"><span class='ocrx_word' id='word_1_78' title='bbox 134 985 247 1040; x_wconf 88' lang='grc' dir='ltr'>λειν,</span> <span class='ocrx_word' id='word_1_79' title='bbox 274 977 345 1028; x_wconf 76' lang='grc' dir='ltr'>ἰτὸ</span> <span class='ocrx_word' id='word_1_80' title='bbox 380 977 486 1031; x_wconf 75' lang='grc' dir='ltr'>τοὺς</span> <span class='ocrx_word' id='word_1_81' title='bbox 523 978 597 1029; x_wconf 75' lang='grc' dir='ltr'>διὰ</span> <span class='ocrx_word' id='word_1_82' title='bbox 631 978 716 1041; x_wconf 82' lang='grc' dir='ltr'>τὴν</span> <span class='ocrx_word' id='word_1_83' title='bbox 749 980 901 1028; x_wconf 78' lang='grc' dir='ltr'>αὐτῶν</span> <span class='ocrx_word' id='word_1_84' title='bbox 941 980 1077 1044; x_wconf 79' lang='grc' dir='ltr'>ὕβριν</span> <span class='ocrx_word' id='word_1_85' title='bbox 1113 976 1249 1041; x_wconf 45' lang='grc' dir='ltr'>Κὺμΐν</span> <span class='ocrx_word' id='word_1_86' title='bbox 1282 978 1653 1041; x_wconf 82' lang='grc' dir='ltr'>πολεμήσαντας</span> 
     </span>
     <span class='ocr_line' id='line_1_12' title="bbox 137 1061 1653 1129; baseline -0.001 -16"><span class='ocrx_word' id='word_1_87' title='bbox 137 1063 191 1112; x_wconf 80' lang='grc' dir='ltr'>οὐ</span> <span class='ocrx_word' id='word_1_88' title='bbox 226 1062 393 1126; x_wconf 85' lang='grc' dir='ltr'>πάλαι,</span> <span class='ocrx_word' id='word_1_89' title='bbox 421 1069 502 1113; x_wconf 86' lang='grc' dir='ltr'>νῦν</span> <span class='ocrx_word' id='word_1_90' title='bbox 535 1065 583 1113; x_wconf 83' lang='grc' dir='ltr'>ἐν</span> <span class='ocrx_word' id='word_1_91' title='bbox 616 1061 741 1125; x_wconf 75' lang='grc' dir='ltr'>1ὑμῖν</span> <span class='ocrx_word' id='word_1_92' title='bbox 772 1062 930 1125; x_wconf 85' lang='grc' dir='ltr'>μόνοις</span> <span class='ocrx_word' id='word_1_93' title='bbox 968 1065 1050 1125; x_wconf 81' lang='grc' dir='ltr'>τῆς</span> <span class='ocrx_word' id='word_1_94' title='bbox 1081 1063 1233 1112; x_wconf 80' lang='grc' dir='ltr'>αὑτῶν</span> <span class='ocrx_word' id='word_1_95' title='bbox 1260 1062 1494 1126; x_wconf 80' lang='grc' dir='ltr'>σωτηρίας</span> <span class='ocrx_word' id='word_1_96' title='bbox 1532 1062 1653 1129; x_wconf 75' lang='grc' dir='ltr'>ἔχειν</span> 
     </span>
     <span class='ocr_line' id='line_1_13' title="bbox 132 1143 1647 1214; baseline -0.003 -17"><span class='ocrx_word' id='word_1_97' title='bbox 132 1145 216 1199; x_wconf 76' lang='grc' dir='ltr'>τὰς</span> <span class='ocrx_word' id='word_1_98' title='bbox 253 1148 461 1199; x_wconf 86' lang='grc' dir='ltr'>ἐλπίδας.</span> <span class='ocrx_word' id='word_1_99' title='bbox 505 1146 638 1214; x_wconf 72' lang='grc' dir='ltr'>ἄξιον</span> <span class='ocrx_word' id='word_1_100' title='bbox 672 1149 712 1196; x_wconf 85' lang='grc' dir='ltr'>δ’</span> <span class='ocrx_word' id='word_1_101' title='bbox 741 1146 943 1208; x_wconf 82' lang='grc' dir='ltr'>ἡσθῆναι</span> <span class='ocrx_word' id='word_1_102' title='bbox 979 1149 1044 1212; x_wconf 72' lang='grc' dir='ltr'>τῷ</span> <span class='ocrx_word' id='word_1_103' title='bbox 1075 1143 1273 1209; x_wconf 88' lang='grc' dir='ltr'>παρόντι</span> <span class='ocrx_word' id='word_1_104' title='bbox 1312 1148 1472 1213; x_wconf 74' lang='grc' dir='ltr'>καιρῷ·</span> <span class='ocrx_word' id='word_1_105' title='bbox 1517 1167 1647 1208; x_wconf 89' lang='grc' dir='ltr'>συμ-</span> 
     </span>
     <span class='ocr_line' id='line_1_14' title="bbox 130 1228 1649 1296; baseline -0.001 -16"><span class='ocrx_word' id='word_1_106' title='bbox 130 1229 331 1293; x_wconf 87' lang='grc' dir='ltr'>βήσεται</span> <span class='ocrx_word' id='word_1_107' title='bbox 370 1229 459 1296; x_wconf 79' lang='grc' dir='ltr'>γὰρ</span> <span class='ocrx_word' id='word_1_108' title='bbox 485 1231 643 1291; x_wconf 77' lang='grc' dir='ltr'>Πιὑμῖν,</span> <span class='ocrx_word' id='word_1_109' title='bbox 670 1228 749 1279; x_wconf 77' lang='grc' dir='ltr'>ἐὰν</span> <span class='ocrx_word' id='word_1_110' title='bbox 777 1229 806 1278; x_wconf 83' lang='grc' dir='ltr'>ἂ</span> <span class='ocrx_word' id='word_1_111' title='bbox 838 1228 928 1295; x_wconf 84' lang='grc' dir='ltr'>χρὴ</span> <span class='ocrx_word' id='word_1_112' title='bbox 955 1228 1289 1292; x_wconf 80' lang='grc' dir='ltr'>βουλεύσησθε</span> <span class='ocrx_word' id='word_1_113' title='bbox 1330 1231 1464 1294; x_wconf 62' lang='grc' dir='ltr'>Ππερὶ</span> <span class='ocrx_word' id='word_1_114' title='bbox 1491 1230 1649 1290; x_wconf 84' lang='grc' dir='ltr'>αὐτοῦ,</span> 
     </span>
     <span class='ocr_line' id='line_1_15' title="bbox 131 1312 1702 1380; baseline -0.003 -16"><span class='ocrx_word' id='word_1_115' title='bbox 131 1313 242 1367; x_wconf 63' lang='grc' dir='ltr'>οτοὶς</span> <span class='ocrx_word' id='word_1_116' title='bbox 279 1313 407 1380; x_wconf 79' lang='grc' dir='ltr'>παρὰ</span> <span class='ocrx_word' id='word_1_117' title='bbox 431 1319 524 1365; x_wconf 83' lang='grc' dir='ltr'>τῶν</span> <span class='ocrx_word' id='word_1_118' title='bbox 557 1312 918 1373; x_wconf 81' lang='grc' dir='ltr'>διαβαλλόντων</span> <span class='ocrx_word' id='word_1_119' title='bbox 953 1313 1037 1376; x_wconf 87' lang='grc' dir='ltr'>τὴν</span> <span class='ocrx_word' id='word_1_120' title='bbox 1072 1312 1214 1363; x_wconf 88' lang='grc' dir='ltr'>πόλιν</span> <span class='ocrx_word' id='word_1_121' title='bbox 1247 1313 1378 1375; x_wconf 83' lang='grc' dir='ltr'>ἡμῶν</span> <span class='ocrx_word' id='word_1_122' title='bbox 1404 1317 1642 1380; x_wconf 89' lang='grc' dir='ltr'>βλασφη-</span> <span class='ocrx_word' id='word_1_123' title='bbox 1666 1339 1702 1360; x_wconf 87' lang='grc' dir='ltr'>ιο</span> 
     </span>
     <span class='ocr_line' id='line_1_16' title="bbox 92 1394 1644 1467; baseline -0.003 -17"><span class='ocrx_word' id='word_1_124' title='bbox 92 1397 239 1460; x_wconf 86' lang='grc' dir='ltr'>3μίας</span> <span class='ocrx_word' id='word_1_125' title='bbox 278 1397 400 1467; x_wconf 77' lang='grc' dir='ltr'>ἔργῳ</span> <span class='ocrx_word' id='word_1_126' title='bbox 440 1396 557 1460; x_wconf 82' lang='grc' dir='ltr'>μετὰ</span> <span class='ocrx_word' id='word_1_127' title='bbox 601 1397 742 1465; x_wconf 80' lang='grc' dir='ltr'>δόξης</span> <span class='ocrx_word' id='word_1_128' title='bbox 787 1399 935 1460; x_wconf 81' lang='grc' dir='ltr'>καλῆς</span> <span class='ocrx_word' id='word_1_129' title='bbox 981 1396 1338 1447; x_wconf 84' lang='grc' dir='ltr'>ἀπολύσασθαι.</span> <span class='ocrx_word' id='word_1_130' title='bbox 1384 1394 1644 1464; x_wconf 77' lang='grc' dir='ltr'>ᾐτιάσαντο</span> 
     </span>
     <span class='ocr_line' id='line_1_17' title="bbox 128 1478 1644 1547; baseline -0.002 -15"><span class='ocrx_word' id='word_1_131' title='bbox 128 1481 213 1544; x_wconf 76' lang='grc' dir='ltr'>μὲν</span> <span class='ocrx_word' id='word_1_132' title='bbox 253 1481 345 1547; x_wconf 82' lang='grc' dir='ltr'>γὰρ</span> <span class='ocrx_word' id='word_1_133' title='bbox 391 1482 509 1546; x_wconf 80' lang='grc' dir='ltr'>ἡμᾶς</span> <span class='ocrx_word' id='word_1_134' title='bbox 559 1480 876 1541; x_wconf 85' lang='grc' dir='ltr'>ἐπιβουλεύειν</span> <span class='ocrx_word' id='word_1_135' title='bbox 920 1482 1074 1533; x_wconf 78' lang='grc' dir='ltr'>αὑτοῖς</span> <span class='ocrx_word' id='word_1_136' title='bbox 1126 1484 1235 1530; x_wconf 80' lang='grc' dir='ltr'>Χῖοι</span> <span class='ocrx_word' id='word_1_137' title='bbox 1279 1482 1354 1530; x_wconf 76' lang='grc' dir='ltr'>καὶ</span> <span class='ocrx_word' id='word_1_138' title='bbox 1401 1478 1644 1544; x_wconf 74' lang='grc' dir='ltr'>Βυζάντιοι</span> 
     </span>
    </p>
   </div>
   <div class='ocr_carea' id='block_1_5' title="bbox 1337 1568 1357 1578">
    <p class='ocr_par' dir='ltr' id='par_1_5' title="bbox 1337 1568 1357 1578">
     <span class='ocr_line' id='line_1_18' title="bbox 1337 1568 1357 1578; baseline 0 0"><span class='ocrx_word' id='word_1_139' title='bbox 1337 1568 1357 1578; x_wconf 63' lang='grc' dir='ltr'>Α</span> 
     </span>
    </p>
   </div>
   <div class='ocr_carea' id='block_1_6' title="bbox 130 1562 1636 1631">
    <p class='ocr_par' dir='ltr' id='par_1_6' title="bbox 130 1562 1636 1631">
     <span class='ocr_line' id='line_1_19' title="bbox 130 1562 1636 1631; baseline -0.002 -15"><span class='ocrx_word' id='word_1_140' title='bbox 130 1567 207 1616; x_wconf 81' lang='grc' dir='ltr'>καὶ</span> <span class='ocrx_word' id='word_1_141' title='bbox 230 1565 420 1627; x_wconf 61' lang='grc' dir='ltr'>“Ρόδιοι,</span> <span class='ocrx_word' id='word_1_142' title='bbox 451 1568 527 1616; x_wconf 81' lang='grc' dir='ltr'>καὶ</span> <span class='ocrx_word' id='word_1_143' title='bbox 554 1565 629 1616; x_wconf 82' lang='grc' dir='ltr'>διὰ</span> <span class='ocrx_word' id='word_1_144' title='bbox 654 1571 801 1615; x_wconf 79' lang='grc' dir='ltr'>ταῦτα</span> <span class='ocrx_word' id='word_1_145' title='bbox 827 1564 1132 1628; x_wconf 76' lang='grc' dir='ltr'>συνέστησαν</span> <span class='ocrx_word' id='word_1_146' title='bbox 1159 1565 1233 1631; x_wconf 80' lang='grc' dir='ltr'>ἐφ’</span> <span class='ocrx_word' id='word_1_147' title='bbox 1263 1565 1382 1627; x_wconf 78' lang='grc' dir='ltr'>ἡμας</span> <span class='ocrx_word' id='word_1_148' title='bbox 1421 1562 1534 1613; x_wconf 79' lang='grc' dir='ltr'>Ρτὸν</span> <span class='ocrx_word' id='word_1_149' title='bbox 1560 1586 1636 1613; x_wconf 87' lang='grc' dir='ltr'>τε-</span> 
     </span>
    </p>
   </div>
   <div class='ocr_carea' id='block_1_7' title="bbox 0 0 80 2126">
    <p class='ocr_par' dir='ltr' id='par_1_7' title="bbox 0 0 80 2126">
     <span class='ocr_line' id='line_1_20' title="bbox 0 0 80 2126; baseline 0 0"><span class='ocrx_word' id='word_1_150' title='bbox 0 0 80 2126; x_wconf 95' lang='lat' dir='ltr'>   </span> <span class='ocrx_word' id='word_1_151' title='bbox 10 1651 80 1708; x_wconf 95' lang='lat' dir='ltr'> </span> 
     </span>
    </p>
   </div>
   <div class='ocr_carea' id='block_1_8' title="bbox 5 1646 1693 2053">
    <p class='ocr_par' dir='ltr' id='par_1_8' title="bbox 5 1646 1693 1969">
     <span class='ocr_line' id='line_1_21' title="bbox 5 1646 1693 1719; baseline -0.001 -19"><span class='ocrx_word' id='word_1_152' title='bbox 5 1665 10 1719; x_wconf 51' lang='lat' dir='ltr'>J</span> <span class='ocrx_word' id='word_1_153' title='bbox 127 1655 342 1700; x_wconf 83' lang='grc' dir='ltr'>λευταΐον</span> <span class='ocrx_word' id='word_1_154' title='bbox 383 1652 585 1700; x_wconf 58' lang='grc' dir='ltr'>ιἴτουτονὶ</span> <span class='ocrx_word' id='word_1_155' title='bbox 623 1647 851 1712; x_wconf 88' lang='grc' dir='ltr'>πόλεμον·</span> <span class='ocrx_word' id='word_1_156' title='bbox 915 1647 1180 1715; x_wconf 76' lang='grc' dir='ltr'>φανήσεται</span> <span class='ocrx_word' id='word_1_157' title='bbox 1220 1651 1260 1698; x_wconf 83' lang='grc' dir='ltr'>δ’</span> <span class='ocrx_word' id='word_1_158' title='bbox 1289 1650 1313 1698; x_wconf 86' lang='grc' dir='ltr'>ὁ</span> <span class='ocrx_word' id='word_1_159' title='bbox 1348 1646 1432 1711; x_wconf 76' lang='grc' dir='ltr'>μὲν</span> <span class='ocrx_word' id='word_1_160' title='bbox 1456 1670 1635 1713; x_wconf 89' lang='grc' dir='ltr'>πρυτα-</span> <span class='ocrx_word' id='word_1_161' title='bbox 1660 1676 1693 1706; x_wconf 78' lang='grc'><strong>15</strong></span> 
     </span>
     <span class='ocr_line' id='line_1_22' title="bbox 129 1729 1638 1801; baseline 0 -19"><span class='ocrx_word' id='word_1_162' title='bbox 129 1732 296 1786; x_wconf 87' lang='grc' dir='ltr'>νεύσας</span> <span class='ocrx_word' id='word_1_163' title='bbox 340 1739 487 1784; x_wconf 85' lang='grc' dir='ltr'>ταῦτα</span> <span class='ocrx_word' id='word_1_164' title='bbox 531 1736 606 1783; x_wconf 77' lang='grc' dir='ltr'>καὶ</span> <span class='ocrx_word' id='word_1_165' title='bbox 649 1734 817 1787; x_wconf 89' lang='grc' dir='ltr'>πείσας</span> <span class='ocrx_word' id='word_1_166' title='bbox 861 1732 1153 1795; x_wconf 87' lang='grc' dir='ltr'>Μαύσωλος,</span> <span class='ocrx_word' id='word_1_167' title='bbox 1201 1733 1342 1801; x_wconf 88' lang='grc' dir='ltr'>φίλος</span> <span class='ocrx_word' id='word_1_168' title='bbox 1383 1729 1496 1783; x_wconf 77' lang='grc' dir='ltr'>εἶναι</span> <span class='ocrx_word' id='word_1_169' title='bbox 1540 1731 1638 1799; x_wconf 81' lang='grc' dir='ltr'>φά-</span> 
     </span>
     <span class='ocr_line' id='line_1_23' title="bbox 125 1816 1639 1884; baseline -0.001 -18"><span class='ocrx_word' id='word_1_170' title='bbox 125 1840 258 1867; x_wconf 90' lang='grc' dir='ltr'>σκων</span> <span class='ocrx_word' id='word_1_171' title='bbox 295 1817 504 1879; x_wconf 62' lang='grc' dir='ltr'>εΡοδίων,</span> <span class='ocrx_word' id='word_1_172' title='bbox 544 1816 628 1881; x_wconf 86' lang='grc' dir='ltr'>τὴν</span> <span class='ocrx_word' id='word_1_173' title='bbox 670 1817 935 1882; x_wconf 85' lang='grc' dir='ltr'>ἐλευθερίαν</span> <span class='ocrx_word' id='word_1_174' title='bbox 976 1817 1129 1866; x_wconf 79' lang='grc' dir='ltr'>αὐτῶν</span> <span class='ocrx_word' id='word_1_175' title='bbox 1164 1817 1476 1884; x_wconf 76' lang='grc' dir='ltr'>ἀφῃρημένος,</span> <span class='ocrx_word' id='word_1_176' title='bbox 1515 1819 1557 1866; x_wconf 82' lang='grc' dir='ltr'>οἱ</span> <span class='ocrx_word' id='word_1_177' title='bbox 1599 1819 1639 1865; x_wconf 76' lang='grc' dir='ltr'>δ’</span> 
     </span>
     <span class='ocr_line' id='line_1_24' title="bbox 127 1899 1640 1969; baseline 0.002 -19"><span class='ocrx_word' id='word_1_178' title='bbox 127 1900 451 1969; x_wconf 80' lang='grc' dir='ltr'>ἀποδείξαντες</span> <span class='ocrx_word' id='word_1_179' title='bbox 478 1901 689 1954; x_wconf 60' lang='grc' dir='ltr'>Γὲαυτους</span> <span class='ocrx_word' id='word_1_180' title='bbox 714 1900 996 1967; x_wconf 82' lang='grc' dir='ltr'>συμμάχους</span> <span class='ocrx_word' id='word_1_181' title='bbox 1022 1903 1130 1950; x_wconf 82' lang='grc' dir='ltr'>Χῖοι</span> <span class='ocrx_word' id='word_1_182' title='bbox 1156 1903 1231 1950; x_wconf 79' lang='grc' dir='ltr'>καὶ</span> <span class='ocrx_word' id='word_1_183' title='bbox 1266 1899 1507 1965; x_wconf 73' lang='grc' dir='ltr'>Βυζάντιοι</span> <span class='ocrx_word' id='word_1_184' title='bbox 1544 1905 1640 1954; x_wconf 70' lang='grc' dir='ltr'>τοῖς</span> 
     </span>
    </p>

    <p class='ocr_par' dir='ltr' id='par_1_9' title="bbox 89 1982 1635 2053">
     <span class='ocr_line' id='line_1_25' title="bbox 89 1982 1635 2053; baseline -0.001 -17"><span class='ocrx_word' id='word_1_185' title='bbox 89 1984 450 2052; x_wconf 65' lang='grc' dir='ltr'>45ἀτυχήμασιν</span> <span class='ocrx_word' id='word_1_186' title='bbox 484 1986 636 2035; x_wconf 81' lang='grc' dir='ltr'>αὐτῶν</span> <span class='ocrx_word' id='word_1_187' title='bbox 675 1986 727 2035; x_wconf 83' lang='grc' dir='ltr'>οὐ</span> <span class='ocrx_word' id='word_1_188' title='bbox 765 1982 1121 2047; x_wconf 86' lang='grc' dir='ltr'>βεβοηθηκότες,</span> <span class='ocrx_word' id='word_1_189' title='bbox 1158 1987 1282 2048; x_wconf 81' lang='grc' dir='ltr'>ὑμεῖς</span> <span class='ocrx_word' id='word_1_190' title='bbox 1321 1987 1374 2046; x_wconf 85' lang='grc' dir='ltr'>δ’,</span> <span class='ocrx_word' id='word_1_191' title='bbox 1403 1985 1481 2038; x_wconf 76' lang='grc' dir='ltr'>οὓς</span> <span class='ocrx_word' id='word_1_192' title='bbox 1519 1986 1635 2053; x_wconf 86' lang='grc' dir='ltr'>ἐφο-</span> 
     </span>
    </p>
   </div>
   <div class='ocr_carea' id='block_1_9' title="bbox 125 2066 1692 2134">
    <p class='ocr_par' dir='ltr' id='par_1_10' title="bbox 125 2066 1692 2134">
     <span class='ocr_line' id='line_1_26' title="bbox 125 2066 1692 2134; baseline 0.001 -16"><span class='ocrx_word' id='word_1_193' title='bbox 125 2073 311 2129; x_wconf 86' lang='grc' dir='ltr'>βοῦντο,</span> <span class='ocrx_word' id='word_1_194' title='bbox 337 2068 469 2131; x_wconf 89' lang='grc' dir='ltr'>μόνοι</span> <span class='ocrx_word' id='word_1_195' title='bbox 506 2072 599 2118; x_wconf 83' lang='grc' dir='ltr'>τῶν</span> <span class='ocrx_word' id='word_1_196' title='bbox 631 2066 821 2118; x_wconf 89' lang='grc' dir='ltr'>πάντων</span> <span class='ocrx_word' id='word_1_197' title='bbox 847 2070 929 2130; x_wconf 81' lang='grc' dir='ltr'>τῆς</span> <span class='ocrx_word' id='word_1_198' title='bbox 955 2068 1191 2134; x_wconf 88' lang='grc' dir='ltr'>σωτηρίας</span> <span class='ocrx_word' id='word_1_199' title='bbox 1217 2069 1370 2121; x_wconf 79' lang='grc' dir='ltr'>αὐτοῖς</span> <span class='ocrx_word' id='word_1_200' title='bbox 1397 2068 1545 2118; x_wconf 87' lang='grc' dir='ltr'>α’ίτιοι.</span> <span class='ocrx_word' id='word_1_201' title='bbox 1588 2069 1637 2119; x_wconf 86' lang='grc' dir='ltr'>ἐκ</span> <span class='ocrx_word' id='word_1_202' title='bbox 1653 2094 1692 2115; x_wconf 83' lang='lat'>20</span> 
     </span>
    </p>
   </div>
   <div class='ocr_carea' id='block_1_10' title="bbox 0 2126 3 2207">
    <p class='ocr_par' dir='ltr' id='par_1_11' title="bbox 0 2126 3 2207">
     <span class='ocr_line' id='line_1_27' title="bbox 0 2126 3 2170; baseline 0 0"><span class='ocrx_word' id='word_1_203' title='bbox 0 2126 3 2170; x_wconf 95' lang='grc' dir='ltr'>Ι</span> 
     </span>
     <span class='ocr_line' id='line_1_28' title="bbox 0 2174 3 2207; baseline 0 0"><span class='ocrx_word' id='word_1_204' title='bbox 0 2174 3 2207; x_wconf 77' lang='grc' dir='ltr'>ι</span> 
     </span>
    </p>
   </div>
   <div class='ocr_carea' id='block_1_11' title="bbox 125 2149 1638 2218">
    <p class='ocr_par' dir='ltr' id='par_1_12' title="bbox 125 2149 1638 2218">
     <span class='ocr_line' id='line_1_29' title="bbox 125 2149 1638 2218; baseline 0.001 -16"><span class='ocrx_word' id='word_1_205' title='bbox 125 2151 173 2202; x_wconf 75' lang='grc' dir='ltr'>δὲ</span> <span class='ocrx_word' id='word_1_206' title='bbox 199 2157 281 2202; x_wconf 86' lang='grc' dir='ltr'>τοῦ</span> <span class='ocrx_word' id='word_1_207' title='bbox 305 2154 458 2202; x_wconf 64' lang='grc' dir='ltr'>ἴταῦθ’</span> <span class='ocrx_word' id='word_1_208' title='bbox 488 2152 564 2218; x_wconf 85' lang='grc' dir='ltr'>ὑφ’</span> <span class='ocrx_word' id='word_1_209' title='bbox 584 2149 803 2201; x_wconf 83' lang='grc' dir='ltr'>ἁπάντων</span> <span class='ocrx_word' id='word_1_210' title='bbox 824 2152 1027 2218; x_wconf 78' lang='grc' dir='ltr'>ὀφθῆναι</span> <span class='ocrx_word' id='word_1_211' title='bbox 1053 2151 1272 2214; x_wconf 87' lang='grc' dir='ltr'>ποιήσετε</span> <span class='ocrx_word' id='word_1_212' title='bbox 1292 2151 1400 2204; x_wconf 75' lang='grc' dir='ltr'>τοὺς</span> <span class='ocrx_word' id='word_1_213' title='bbox 1426 2149 1638 2204; x_wconf 72' lang='grc' dir='ltr'>πολλοὺς</span> 
     </span>
    </p>
   </div>
   <div class='ocr_carea' id='block_1_12' title="bbox 125 2234 1638 2298">
    <p class='ocr_par' dir='ltr' id='par_1_13' title="bbox 125 2234 1638 2298">
     <span class='ocr_line' id='line_1_30' title="bbox 125 2234 1638 2298; baseline 0.001 -13"><span class='ocrx_word' id='word_1_214' title='bbox 125 2237 174 2285; x_wconf 80' lang='grc' dir='ltr'>ἐν</span> <span class='ocrx_word' id='word_1_215' title='bbox 208 2234 416 2288; x_wconf 82' lang='grc' dir='ltr'>ἁπάσαις</span> <span class='ocrx_word' id='word_1_216' title='bbox 455 2239 555 2288; x_wconf 80' lang='grc' dir='ltr'>ταῖς</span> <span class='ocrx_word' id='word_1_217' title='bbox 595 2234 770 2284; x_wconf 87' lang='grc' dir='ltr'>πόλεσι</span> <span class='ocrx_word' id='word_1_218' title='bbox 810 2240 948 2284; x_wconf 81' lang='grc' dir='ltr'>τοῦτο</span> <span class='ocrx_word' id='word_1_219' title='bbox 987 2239 1225 2285; x_wconf 80' lang='grc' dir='ltr'>ποιεῖσθαι</span> <span class='ocrx_word' id='word_1_220' title='bbox 1264 2235 1517 2298; x_wconf 86' lang='grc' dir='ltr'>σύμβολον</span> <span class='ocrx_word' id='word_1_221' title='bbox 1556 2238 1638 2298; x_wconf 82' lang='grc' dir='ltr'>τῆς</span> 
     </span>
    </p>
   </div>
   <div class='ocr_carea' id='block_1_13' title="bbox 119 2372 1636 3050">
    <p class='ocr_par' dir='ltr' id='par_1_14' title="bbox 123 2372 1636 2688">
     <span class='ocr_line' id='line_1_31' title="bbox 178 2372 1634 2422; baseline 0 -11"><span class='ocrx_word' id='word_1_222' title='bbox 178 2383 197 2402; x_wconf 75' lang='lat'>³</span> <span class='ocrx_word' id='word_1_223' title='bbox 225 2378 310 2420; x_wconf 81' lang='grc' dir='ltr'>ὑμᾶς</span> <span class='ocrx_word' id='word_1_224' title='bbox 336 2378 373 2410; x_wconf 88' lang='lat' dir='ltr'>in</span> <span class='ocrx_word' id='word_1_225' title='bbox 401 2377 558 2422; x_wconf 85' lang='lat' dir='ltr'>margine</span> <span class='ocrx_word' id='word_1_226' title='bbox 586 2388 654 2410; x_wconf 83' lang='lat' dir='ltr'><strong>rec.</strong></span> <span class='ocrx_word' id='word_1_227' title='bbox 677 2378 714 2411; x_wconf 82' lang='lat' dir='ltr'>S.</span> <span class='ocrx_word' id='word_1_228' title='bbox 745 2377 829 2420; x_wconf 80' lang='grc' dir='ltr'>ἡμᾶς</span> <span class='ocrx_word' id='word_1_229' title='bbox 850 2376 893 2411; x_wconf 92' lang='lat' dir='ltr'>O.</span> <span class='ocrx_word' id='word_1_230' title='bbox 1058 2372 1077 2400; x_wconf 78' lang='lat' dir='ltr'>b</span> <span class='ocrx_word' id='word_1_231' title='bbox 1107 2377 1146 2410; x_wconf 83' lang='grc' dir='ltr'>τὸ</span> <span class='ocrx_word' id='word_1_232' title='bbox 1175 2389 1244 2410; x_wconf 88' lang='lat' dir='ltr'>om.</span> <span class='ocrx_word' id='word_1_233' title='bbox 1268 2377 1426 2411; x_wconf 78' lang='lat' dir='ltr'><strong>F.Y.u.v.</strong></span> <span class='ocrx_word' id='word_1_234' title='bbox 1449 2383 1483 2411; x_wconf 84' lang='lat' dir='ltr'>et</span> <span class='ocrx_word' id='word_1_235' title='bbox 1512 2389 1564 2422; x_wconf 89' lang='lat' dir='ltr'>pr.</span> <span class='ocrx_word' id='word_1_236' title='bbox 1589 2377 1634 2411; x_wconf 90' lang='grc' dir='ltr'>Ο.</span> 
     </span>
     <span class='ocr_line' id='line_1_32' title="bbox 125 2427 1636 2476; baseline -0.001 -12"><span class='ocrx_word' id='word_1_237' title='bbox 125 2436 142 2455; x_wconf 81' lang='lat'><strong>⁰</strong></span> <span class='ocrx_word' id='word_1_238' title='bbox 161 2430 325 2475; x_wconf 75' lang='grc' dir='ltr'>ὑπάρχειν</span> <span class='ocrx_word' id='word_1_239' title='bbox 343 2431 524 2475; x_wconf 79' lang='grc' dir='ltr'>ἐγνωκότες</span> <span class='ocrx_word' id='word_1_240' title='bbox 541 2430 575 2463; x_wconf 84' lang='lat' dir='ltr'>S.</span> <span class='ocrx_word' id='word_1_241' title='bbox 597 2436 632 2464; x_wconf 86' lang='lat' dir='ltr'>et</span> <span class='ocrx_word' id='word_1_242' title='bbox 652 2442 685 2475; x_wconf 90' lang='lat' dir='ltr'>p.</span> <span class='ocrx_word' id='word_1_243' title='bbox 710 2440 816 2476; x_wconf 70' lang='lat'>1437,</span> <span class='ocrx_word' id='word_1_244' title='bbox 836 2441 894 2465; x_wconf 86' lang='lat'>21.</span> <span class='ocrx_word' id='word_1_245' title='bbox 925 2430 1105 2475; x_wconf 81' lang='grc' dir='ltr'>ἐγνωκότες</span> <span class='ocrx_word' id='word_1_246' title='bbox 1128 2430 1289 2474; x_wconf 81' lang='grc' dir='ltr'>ὑπάρχειν</span> <span class='ocrx_word' id='word_1_247' title='bbox 1304 2431 1421 2475; x_wconf 78' lang='lat' dir='ltr'>vulgo.</span> <span class='ocrx_word' id='word_1_248' title='bbox 1479 2427 1498 2454; x_wconf 76' lang='lat' dir='ltr'>d</span> <span class='ocrx_word' id='word_1_249' title='bbox 1518 2432 1636 2463; x_wconf 78' lang='grc' dir='ltr'>πεῖσαι</span> 
     </span>
     <span class='ocr_line' id='line_1_33' title="bbox 124 2482 1635 2528; baseline 0 -12"><span class='ocrx_word' id='word_1_250' title='bbox 124 2483 302 2527; x_wconf 79' lang='grc' dir='ltr'>πράττειν]</span> <span class='ocrx_word' id='word_1_251' title='bbox 329 2484 488 2528; x_wconf 85' lang='grc' dir='ltr'>πράττειν</span> <span class='ocrx_word' id='word_1_252' title='bbox 506 2484 622 2517; x_wconf 81' lang='grc' dir='ltr'>πεῖσαι</span> <span class='ocrx_word' id='word_1_253' title='bbox 642 2483 850 2523; x_wconf 75' lang='grc' dir='ltr'><strong>Ρ.Υ.Ο.11.1·,</strong></span> <span class='ocrx_word' id='word_1_254' title='bbox 871 2495 943 2517; x_wconf 86' lang='lat' dir='ltr'>non</span> <span class='ocrx_word' id='word_1_255' title='bbox 958 2484 1000 2516; x_wconf 91' lang='lat' dir='ltr'>A.</span> <span class='ocrx_word' id='word_1_256' title='bbox 1115 2488 1130 2507; x_wconf 76' lang='lat'>⁰</span> <span class='ocrx_word' id='word_1_257' title='bbox 1150 2484 1227 2516; x_wconf 89' lang='grc' dir='ltr'>τότε</span> <span class='ocrx_word' id='word_1_258' title='bbox 1248 2495 1317 2517; x_wconf 88' lang='lat' dir='ltr'>om.</span> <span class='ocrx_word' id='word_1_259' title='bbox 1342 2482 1549 2517; x_wconf 74' lang='lat' dir='ltr'>F.Y.O.11.V.</span> <span class='ocrx_word' id='word_1_260' title='bbox 1593 2483 1635 2516; x_wconf 88' lang='lat' dir='ltr'>In</span> 
     </span>
     <span class='ocr_line' id='line_1_34' title="bbox 127 2533 1633 2581; baseline -0.001 -11"><span class='ocrx_word' id='word_1_261' title='bbox 127 2537 162 2570; x_wconf 84' lang='lat' dir='ltr'>S.</span> <span class='ocrx_word' id='word_1_262' title='bbox 184 2549 204 2570; x_wconf 84' lang='lat' dir='ltr'><strong>a</strong></span> <span class='ocrx_word' id='word_1_263' title='bbox 222 2549 268 2570; x_wconf 91' lang='lat' dir='ltr'>m.</span> <span class='ocrx_word' id='word_1_264' title='bbox 291 2548 357 2570; x_wconf 85' lang='lat' dir='ltr'>sec.</span> <span class='ocrx_word' id='word_1_265' title='bbox 380 2542 586 2570; x_wconf 88' lang='lat' dir='ltr'>annotatum</span> <span class='ocrx_word' id='word_1_266' title='bbox 604 2550 659 2581; x_wconf 92' lang='grc' dir='ltr'>γρ.</span> <span class='ocrx_word' id='word_1_267' title='bbox 677 2538 729 2570; x_wconf 80' lang='grc' dir='ltr'>καὶ</span> <span class='ocrx_word' id='word_1_268' title='bbox 749 2537 914 2581; x_wconf 81' lang='grc' dir='ltr'>ψηφισθη</span> <span class='ocrx_word' id='word_1_269' title='bbox 935 2538 1104 2569; x_wconf 77' lang='grc' dir='ltr'>τοσοῦτον</span> <span class='ocrx_word' id='word_1_270' title='bbox 1123 2539 1183 2569; x_wconf 89' lang='grc' dir='ltr'>τοῦ</span> <span class='ocrx_word' id='word_1_271' title='bbox 1203 2550 1260 2579; x_wconf 89' lang='grc' dir='ltr'>πρ.</span> <span class='ocrx_word' id='word_1_272' title='bbox 1411 2533 1426 2560; x_wconf 82' lang='lat' dir='ltr'>f</span> <span class='ocrx_word' id='word_1_273' title='bbox 1441 2534 1520 2568; x_wconf 77' lang='grc' dir='ltr'>ἴσον</span> <span class='ocrx_word' id='word_1_274' title='bbox 1542 2536 1576 2569; x_wconf 86' lang='lat' dir='ltr'>S.</span> <span class='ocrx_word' id='word_1_275' title='bbox 1599 2542 1633 2569; x_wconf 86' lang='lat' dir='ltr'>et</span> 
     </span>
     <span class='ocr_line' id='line_1_35' title="bbox 124 2586 1629 2635; baseline 0 -13"><span class='ocrx_word' id='word_1_276' title='bbox 124 2601 159 2634; x_wconf 88' lang='lat' dir='ltr'>p.</span> <span class='ocrx_word' id='word_1_277' title='bbox 185 2599 296 2635; x_wconf 84' lang='lat'>1437.</span> <span class='ocrx_word' id='word_1_278' title='bbox 346 2589 544 2635; x_wconf 83' lang='lat' dir='ltr'>Legebatur</span> <span class='ocrx_word' id='word_1_279' title='bbox 564 2592 743 2623; x_wconf 85' lang='grc' dir='ltr'>τοσοῦτον.</span> <span class='ocrx_word' id='word_1_280' title='bbox 865 2595 886 2621; x_wconf 76' lang='lat' dir='ltr'>g</span> <span class='ocrx_word' id='word_1_281' title='bbox 905 2589 1071 2635; x_wconf 81' lang='grc' dir='ltr'>ὅσονπερ]</span> <span class='ocrx_word' id='word_1_282' title='bbox 1097 2588 1181 2622; x_wconf 82' lang='grc' dir='ltr'>ὅσον</span> <span class='ocrx_word' id='word_1_283' title='bbox 1201 2588 1362 2622; x_wconf 84' lang='lat' dir='ltr'>F.Y.O.u</span> <span class='ocrx_word' id='word_1_284' title='bbox 1378 2601 1410 2622; x_wconf 71' lang='lat' dir='ltr'>V.</span> <span class='ocrx_word' id='word_1_285' title='bbox 1537 2586 1557 2612; x_wconf 77' lang='lat' dir='ltr'><strong>h</strong></span> <span class='ocrx_word' id='word_1_286' title='bbox 1579 2588 1629 2634; x_wconf 84' lang='grc' dir='ltr'>ἓν]</span> 
     </span>
     <span class='ocr_line' id='line_1_36' title="bbox 123 2639 1634 2688; baseline -0.001 -12"><span class='ocrx_word' id='word_1_287' title='bbox 123 2643 162 2686; x_wconf 75' lang='grc' dir='ltr'>ἐξ</span> <span class='ocrx_word' id='word_1_288' title='bbox 180 2643 221 2676; x_wconf 90' lang='lat' dir='ltr'>A.</span> <span class='ocrx_word' id='word_1_289' title='bbox 306 2639 315 2667; x_wconf 73' lang='lat' dir='ltr'>i</span> <span class='ocrx_word' id='word_1_290' title='bbox 335 2644 374 2676; x_wconf 87' lang='grc' dir='ltr'>τὸ</span> <span class='ocrx_word' id='word_1_291' title='bbox 394 2655 463 2676; x_wconf 90' lang='lat' dir='ltr'>om.</span> <span class='ocrx_word' id='word_1_292' title='bbox 484 2654 535 2687; x_wconf 87' lang='lat' dir='ltr'>pr.</span> <span class='ocrx_word' id='word_1_293' title='bbox 559 2642 594 2675; x_wconf 84' lang='lat' dir='ltr'>S.</span> <span class='ocrx_word' id='word_1_294' title='bbox 679 2640 693 2663; x_wconf 70' lang='lat'>¹⁵²</span> <span class='ocrx_word' id='word_1_295' title='bbox 717 2642 809 2688; x_wconf 77' lang='grc' dir='ltr'>ὑμῖν]</span> <span class='ocrx_word' id='word_1_296' title='bbox 834 2641 911 2686; x_wconf 74' lang='grc' dir='ltr'>ἡμῖν</span> <span class='ocrx_word' id='word_1_297' title='bbox 932 2642 1050 2676; x_wconf 80' lang='lat' dir='ltr'>O.u.V.</span> <span class='ocrx_word' id='word_1_298' title='bbox 1136 2642 1141 2663; x_wconf 82' lang='lat'>¹</span> <span class='ocrx_word' id='word_1_299' title='bbox 1166 2642 1257 2687; x_wconf 75' lang='grc' dir='ltr'>ὑμῖν]</span> <span class='ocrx_word' id='word_1_300' title='bbox 1283 2641 1360 2685; x_wconf 80' lang='grc' dir='ltr'>ἡμῖν</span> <span class='ocrx_word' id='word_1_301' title='bbox 1382 2642 1416 2674; x_wconf 83' lang='lat' dir='ltr'>S.</span> <span class='ocrx_word' id='word_1_302' title='bbox 1506 2647 1535 2665; x_wconf 80' lang='lat' dir='ltr'><strong>m</strong></span> <span class='ocrx_word' id='word_1_303' title='bbox 1557 2641 1634 2684; x_wconf 79' lang='grc' dir='ltr'>ὑμῖν</span> 
     </span>
    </p>

    <p class='ocr_par' dir='ltr' id='par_1_15' title="bbox 119 2692 1632 3050">
     <span class='ocr_line' id='line_1_37' title="bbox 1370 2692 1568 2731; baseline 0 -10"><span class='ocrx_word' id='word_1_304' title='bbox 1370 2692 1437 2731; x_wconf 74' lang='grc' dir='ltr'>περὶ</span> <span class='ocrx_word' id='word_1_305' title='bbox 1527 2693 1568 2721; x_wconf 85' lang='grc' dir='ltr'>ὣν</span> 
     </span>
     <span class='ocr_line' id='line_1_38' title="bbox 124 2736 1631 2783; baseline -0.001 -11"><span class='ocrx_word' id='word_1_306' title='bbox 124 2749 193 2772; x_wconf 89' lang='grc'><strong>0111.</strong></span> <span class='ocrx_word' id='word_1_307' title='bbox 217 2738 252 2771; x_wconf 91' lang='lat' dir='ltr'>S.</span> <span class='ocrx_word' id='word_1_308' title='bbox 408 2743 427 2762; x_wconf 81' lang='lat'>¹¹</span> <span class='ocrx_word' id='word_1_309' title='bbox 456 2739 532 2783; x_wconf 82' lang='grc' dir='ltr'>περὶ</span> <span class='ocrx_word' id='word_1_310' title='bbox 552 2741 655 2772; x_wconf 81' lang='grc' dir='ltr'>αὑτοῦ</span> <span class='ocrx_word' id='word_1_311' title='bbox 675 2737 761 2772; x_wconf 83' lang='lat' dir='ltr'><strong>A.S.</strong></span> <span class='ocrx_word' id='word_1_312' title='bbox 783 2743 817 2771; x_wconf 87' lang='lat' dir='ltr'>et</span> <span class='ocrx_word' id='word_1_313' title='bbox 839 2751 894 2782; x_wconf 91' lang='grc' dir='ltr'>γρ.</span> <span class='ocrx_word' id='word_1_314' title='bbox 918 2736 956 2770; x_wconf 78' lang='lat' dir='ltr'>Y.</span> <span class='ocrx_word' id='word_1_315' title='bbox 990 2736 1073 2781; x_wconf 77' lang='grc' dir='ltr'>ὑπὲρ</span> <span class='ocrx_word' id='word_1_316' title='bbox 1092 2736 1202 2769; x_wconf 78' lang='grc' dir='ltr'>αὐτῶν</span> <span class='ocrx_word' id='word_1_317' title='bbox 1220 2750 1274 2780; x_wconf 92' lang='grc' dir='ltr'>γρ.</span> <span class='ocrx_word' id='word_1_318' title='bbox 1299 2736 1333 2770; x_wconf 84' lang='lat' dir='ltr'>S.</span> <span class='ocrx_word' id='word_1_319' title='bbox 1367 2737 1448 2782; x_wconf 76' lang='grc' dir='ltr'>ὑπὲρ</span> <span class='ocrx_word' id='word_1_320' title='bbox 1468 2737 1571 2770; x_wconf 76' lang='grc' dir='ltr'>αὐτου</span> <span class='ocrx_word' id='word_1_321' title='bbox 1591 2737 1631 2771; x_wconf 88' lang='lat' dir='ltr'>F.</span> 
     </span>
     <span class='ocr_line' id='line_1_39' title="bbox 125 2789 1630 2837; baseline 0 -13"><span class='ocrx_word' id='word_1_322' title='bbox 125 2792 208 2836; x_wconf 85' lang='grc' dir='ltr'>ὺπέρ</span> <span class='ocrx_word' id='word_1_323' title='bbox 229 2791 332 2824; x_wconf 79' lang='grc' dir='ltr'>αὐτοῦ</span> <span class='ocrx_word' id='word_1_324' title='bbox 349 2791 467 2837; x_wconf 82' lang='lat' dir='ltr'>vulgo.</span> <span class='ocrx_word' id='word_1_325' title='bbox 551 2797 570 2816; x_wconf 89' lang='lat'><strong>⁰</strong></span> <span class='ocrx_word' id='word_1_326' title='bbox 589 2792 648 2826; x_wconf 80' lang='grc' dir='ltr'>τὰς</span> <span class='ocrx_word' id='word_1_327' title='bbox 667 2803 737 2824; x_wconf 89' lang='grc'><strong>0111.</strong></span> <span class='ocrx_word' id='word_1_328' title='bbox 759 2803 812 2836; x_wconf 84' lang='lat' dir='ltr'>pr.</span> <span class='ocrx_word' id='word_1_329' title='bbox 835 2791 869 2823; x_wconf 90' lang='lat' dir='ltr'>S.</span> <span class='ocrx_word' id='word_1_330' title='bbox 959 2793 975 2816; x_wconf 81' lang='grc' dir='ltr'><strong>Ρ</strong></span> <span class='ocrx_word' id='word_1_331' title='bbox 996 2790 1056 2821; x_wconf 85' lang='grc' dir='ltr'>τὸν</span> <span class='ocrx_word' id='word_1_332' title='bbox 1074 2803 1104 2822; x_wconf 90' lang='grc' dir='ltr'>τ.</span> <span class='ocrx_word' id='word_1_333' title='bbox 1126 2789 1278 2834; x_wconf 82' lang='grc' dir='ltr'>τουτονὶ]</span> <span class='ocrx_word' id='word_1_334' title='bbox 1302 2791 1436 2823; x_wconf 83' lang='grc' dir='ltr'>τουτονὶ</span> <span class='ocrx_word' id='word_1_335' title='bbox 1456 2790 1515 2823; x_wconf 87' lang='grc' dir='ltr'>τὸν</span> <span class='ocrx_word' id='word_1_336' title='bbox 1532 2804 1564 2823; x_wconf 91' lang='grc' dir='ltr'>τ.</span> <span class='ocrx_word' id='word_1_337' title='bbox 1587 2791 1630 2824; x_wconf 87' lang='lat' dir='ltr'>A.</span> 
     </span>
     <span class='ocr_line' id='line_1_40' title="bbox 123 2842 1631 2890; baseline -0.001 -13"><span class='ocrx_word' id='word_1_338' title='bbox 123 2848 138 2871; x_wconf 62' lang='grc' dir='ltr'>*Ι</span> <span class='ocrx_word' id='word_1_339' title='bbox 159 2845 310 2890; x_wconf 82' lang='grc' dir='ltr'>τουτονὶ]</span> <span class='ocrx_word' id='word_1_340' title='bbox 334 2846 457 2878; x_wconf 81' lang='grc' dir='ltr'>τοῦτον</span> <span class='ocrx_word' id='word_1_341' title='bbox 476 2845 519 2878; x_wconf 86' lang='lat' dir='ltr'>Y.</span> <span class='ocrx_word' id='word_1_342' title='bbox 631 2850 646 2869; x_wconf 72' lang='lat' dir='ltr'><strong>r</strong></span> <span class='ocrx_word' id='word_1_343' title='bbox 666 2844 804 2878; x_wconf 79' lang='grc' dir='ltr'>ἑαυτοὺς</span> <span class='ocrx_word' id='word_1_344' title='bbox 824 2843 858 2877; x_wconf 85' lang='lat' dir='ltr'>S.</span> <span class='ocrx_word' id='word_1_345' title='bbox 889 2842 1010 2877; x_wconf 76' lang='grc' dir='ltr'>αὐτοὺς</span> <span class='ocrx_word' id='word_1_346' title='bbox 1028 2842 1147 2887; x_wconf 81' lang='lat' dir='ltr'>vulgo.</span> <span class='ocrx_word' id='word_1_347' title='bbox 1265 2847 1279 2866; x_wconf 81' lang='lat' dir='ltr'>S</span> <span class='ocrx_word' id='word_1_348' title='bbox 1299 2842 1530 2888; x_wconf 80' lang='grc' dir='ltr'>ἀτυχήμασιν]</span> <span class='ocrx_word' id='word_1_349' title='bbox 1554 2842 1631 2876; x_wconf 79' lang='grc' dir='ltr'>ἀτυ-</span> 
     </span>
     <span class='ocr_line' id='line_1_41' title="bbox 119 2895 1632 2942; baseline -0.001 -11"><span class='ocrx_word' id='word_1_350' title='bbox 119 2896 272 2941; x_wconf 83' lang='grc' dir='ltr'>χήσασιν</span> <span class='ocrx_word' id='word_1_351' title='bbox 290 2898 374 2931; x_wconf 83' lang='lat' dir='ltr'>A.F.</span> <span class='ocrx_word' id='word_1_352' title='bbox 485 2900 498 2924; x_wconf 71' lang='lat' dir='ltr'><strong>t</strong></span> <span class='ocrx_word' id='word_1_353' title='bbox 518 2896 612 2932; x_wconf 75' lang='grc' dir='ltr'>ταῦθ’</span> <span class='ocrx_word' id='word_1_354' title='bbox 633 2896 691 2942; x_wconf 76' lang='grc' dir='ltr'>ὑφ’</span> <span class='ocrx_word' id='word_1_355' title='bbox 711 2895 884 2942; x_wconf 82' lang='grc' dir='ltr'>ἁπάντων]</span> <span class='ocrx_word' id='word_1_356' title='bbox 910 2896 966 2929; x_wconf 85' lang='lat' dir='ltr'>Sic</span> <span class='ocrx_word' id='word_1_357' title='bbox 988 2895 1022 2929; x_wconf 86' lang='lat' dir='ltr'>S.</span> <span class='ocrx_word' id='word_1_358' title='bbox 1046 2895 1128 2937; x_wconf 76' lang='lat' dir='ltr'>(nisi</span> <span class='ocrx_word' id='word_1_359' title='bbox 1147 2895 1242 2940; x_wconf 88' lang='lat' dir='ltr'>quod</span> <span class='ocrx_word' id='word_1_360' title='bbox 1260 2898 1392 2940; x_wconf 82' lang='grc' dir='ltr'>ταῦτα).</span> <span class='ocrx_word' id='word_1_361' title='bbox 1432 2896 1632 2942; x_wconf 80' lang='lat' dir='ltr'>Legebatur</span> 
     </span>
     <span class='ocr_line' id='line_1_42' title="bbox 119 2950 464 2985; baseline 0.003 -1"><span class='ocrx_word' id='word_1_362' title='bbox 119 2950 214 2984; x_wconf 86' lang='grc' dir='ltr'>ταῦθ’</span> <span class='ocrx_word' id='word_1_363' title='bbox 235 2951 301 2985; x_wconf 83' lang='grc' dir='ltr'>ὑπὸ</span> <span class='ocrx_word' id='word_1_364' title='bbox 320 2952 464 2985; x_wconf 86' lang='grc' dir='ltr'>πάντων.</span> 
     </span>
     <span class='ocr_line' id='line_1_43' title="bbox 818 3010 938 3050; baseline 0 0"><span class='ocrx_word' id='word_1_365' title='bbox 818 3025 843 3050; x_wconf 85' lang='lat' dir='ltr'>n</span> <span class='ocrx_word' id='word_1_366' title='bbox 865 3010 890 3050; x_wconf 91' lang='lat' dir='ltr'>d</span> <span class='ocrx_word' id='word_1_367' title='bbox 917 3023 938 3050; x_wconf 84' lang='lat'>2</span> 
     </span>
    </p>
   </div>
  </div>
 </body>
</html>
