1930 3266
55 193 103 234 23

47 570 100 614 37

44 1106 97 1161 38

111 181 200 230 6,,3.
572 187 697 224 ΠΕΡΙ
728 187 838 224 TO'Y*
868 187 1173 225 ΣΤΕΦΑΝΟΎ.
1545 187 1630 228 247

174 293 298 342 εἶπεν,
334 295 466 345 ἐπειδὴ
500 295 698 337 Φίλιππος
728 296 968 338 ἀποστείλας
998 295 1188 347 πρέσβεις
1217 297 1304 348 περὶ
1339 299 1405 347 τῆς
1439 295 1656 348 ιἹείρήνηςδ

172 360 490 412 ὁμολογουμένας
519 363 725 412 πεποίηται
760 360 989 412 ἰσυνθήκας,
1024 362 1206 414 δεδόχθαι
1240 364 1286 416 τῇ
1318 364 1447 416 βουλῇ
1481 363 1544 402 καὶ
1575 366 1626 418 τῷ

172 425 275 480 δήμῳ
306 425 391 481 Ιὶτῷ
419 426 656 477 Ἀθηναίων,
677 428 779 470 ὅπως
801 426 850 467 ἂν
870 428 893 479 ἡ
916 428 1046 480 εἰρήνη
1073 429 1307 483 ἐπιτελεσθῇ
1333 429 1355 478 ἡ
1385 429 1625 481 ἐπιχειροτο-

173 497 336 544 νηθεῖσα
357 496 400 534 ἐν
421 497 466 550 τῇ
488 496 617 547 πρώτῃ
640 496 839 549 ἐκκλησίᾳ,
862 495 1052 547 πρέσβεις
1073 494 1238 535 ἑλέσθαι
1266 496 1308 535 ἐκ
1332 494 1490 535 πάντων
1510 495 1625 546 Ἀθη·
1644 504 1681 525 ¹0

173 562 293 601 ναίων
326 561 396 612 ἤδη
431 562 564 611 πέντε,
601 562 688 604 τοὺς
723 563 764 601 δὲ
803 561 1150 614 χειροτονηθέντας
1189 563 1403 612 ἀποδημεῖν
1437 564 1627 613 μηδεμίαν

171 627 423 681 Ῑὺπερβολὴν
443 629 711 680 ποιουμένους,
735 630 832 669 ὅπου
850 629 898 669 ἂν
916 631 1011 669 ὄντα
1031 628 1304 669 πυνθάνωνται
1324 628 1393 668 τὸν
1409 630 1623 678 Φίλιππον,

170 698 232 737 καὶ
260 697 347 739 τοὺς
373 697 510 748 ὅρκους
539 705 572 724 m
586 700 731 747 λαβεῖν
758 713 800 736 τε
830 694 918 747 παρ’
942 696 1059 736 αὐτοῦ
1087 696 1150 735 καὶ
1178 699 1312 736 δοῦναι
1342 695 1413 746 τὴν
1434 697 1625 749 ταχίστην

170 765 233 805 ἐπὶ
263 768 347 806 ταῖς
378 764 734 816 Πὼμολογημέναις
768 763 977 813 συνθήκαις
1009 763 1109 818 αὐτῷ
1143 763 1238 815 πρὸς
1268 763 1339 802 τὸν
1373 762 1675 813 οἈθηναίων15

169 835 304 882 δῆμον,
356 831 839 883 Ρσυμπεριλαμβάνοντας
890 831 952 870 καὶ
1001 830 1089 872 τοὺς
1139 829 1332 881 ἑκατέρων
1382 829 1623 883 συμμάχους.

167 898 358 951 πρέσβεις
390 897 590 950 ᾑρέθησαν
618 899 825 949 Εὔβουλος
849 896 1155 949 Ἀναφλύστιος,
1190 905 1208 933 q
1228 897 1417 949 Αἰσχίνης
1450 899 1623 939 Κοθωκί-

152 970 244 1018 δης,
272 969 549 1018 ῐΚηφισοφῶν
578 964 847 1016 Ῥαμνούσιος,
883 964 1138 1017 Δημοκράτης
1174 964 1339 1011 Φλυεὺς,
1375 965 1514 1005 Κλέων
1551 969 1623 1006 Κο-

168 1034 339 1083 θωκίδης.

184 1105 348 1152 Ταῦτα
381 1098 660 1168 γράψαντος
699 1101 810 1162 ἐμοῦ
847 1099 964 1162 τότε,
1001 1102 1077 1150 καὶ
1111 1099 1165 1150 τὸ
1206 1106 1294 1166 3τῇ
1326 1100 1464 1151 πόλει
1497 1123 1618 1164 συμ-
1634 1123 1675 1144 20

111 1185 268 1254 φέρον,
296 1185 348 1234 οὐ
386 1181 468 1233 ἵτὸ
499 1190 520 1209 ¹²
539 1184 766 1252 Φιλίππῳ
801 1184 1058 1250 ζητοῦντος,
1085 1182 1241 1250 βραχὺ
1280 1184 1621 1252 φροντίσαντες

109 1271 151 1319 οἱ
183 1268 385 1335 χρηστοὶ
417 1267 643 1333 πρέσβεις
679 1267 804 1317 οὗτοι
842 1271 1079 1331 Χκαθῆντο
1113 1269 1161 1317 ἐν
1190 1268 1462 1335 Μακεδονίᾳ
1499 1273 1619 1334 τρεῖς

108 1351 247 1404 ὅλους
280 1354 442 1414 μῆνας,
470 1351 554 1404 ἕως
589 1349 707 1414 ἦλθε
740 1350 981 1403 Φίλιππος
1018 1352 1067 1400 ἐκ
1102 1348 1296 1418 Θρᾴκης
1333 1350 1490 1401 πάντα
1528 1375 1615 1402 κα-

107 1433 497 1502 ταστρεψάμενος
539 1435 714 1495 Ῡτάκεῖ,
758 1433 867 1501 ἐξὸν
906 1434 1089 1499 ἡμερῶν
1134 1433 1255 1495 δέκα,
1301 1440 1318 1458 ²
1337 1438 1527 1496 μᾶλλον
1569 1434 1669 1487 δὲ25

105 1522 245 1583 τριῶν
278 1516 307 1581 ἢ
340 1515 586 1583 τεττάρων,
614 1520 675 1569 εἰς
711 1515 793 1566 τὸν
818 1515 1189 1581 εΕλλήσπονίὌν
1215 1518 1415 1584 ἀφῖχθαι
1451 1520 1526 1568 καὶ
1559 1517 1619 1569 τὰ

104 1602 253 1668 χωρία
278 1606 452 1662 σῶσαι,
479 1600 717 1660 λαβόντας
750 1598 858 1653 τοὺς
893 1600 1057 1667 ὅρκους
1089 1602 1201 1666 πρὶν
1234 1603 1405 1652 ἐκεῖνον
1442 1601 1619 1670 ἐξελεῖν

38 1957 92 1999 39

105 1683 239 1735 αὑτά·
281 1686 333 1735 οὐ
359 1684 451 1750 γὰρ
478 1682 534 1734 ἂν
559 1684 703 1751 ἥψατ’
734 1684 886 1733 αὐτῶν
915 1682 1163 1750 παρόντων
1189 1684 1368 1748 ὂιἡμῶν,
1395 1684 1424 1749 ὴ
1451 1686 1533 1736 οὐκ
1561 1684 1618 1736 ἂν

105 1768 355 1834 ὡρκίζομεν
396 1767 551 1825 αὐτὸν,
592 1765 715 1817 ὥστε
756 1770 839 1830 τῆς
879 1768 1060 1834 εἰρήνης
1100 1770 1157 1818 ἂν
1198 1768 1498 1835 διημαρτήκει
1541 1772 1617 1821 καὶ

106 1852 188 1901 οὐκ
215 1849 274 1901 ἂν
299 1849 546 1920 ἀμφότερα
572 1849 677 1918 εἶχε,
705 1853 780 1901 καὶ
805 1850 892 1915 τὴν
917 1851 1101 1918 εἰρήνην
1127 1854 1203 1903 καὶ
1228 1852 1288 1902 τὰ
1314 1854 1475 1920 χωρία.
1633 1864 1715 1918 236

179 1933 250 1984 Τὸ
275 1933 360 1998 μὲν
386 1935 540 1985 τοίνυν
564 1936 612 1984 ἐν
637 1938 695 2001 τῇ
725 1935 959 2003 πρεσβείᾳ
983 1939 1172 2001 πρῶτον
1198 1936 1386 2000 κλέμμα
1411 1936 1495 2000 μὲν
1523 1941 1611 1988 Φι-

104 2018 298 2081 λίππου,
342 2018 646 2084 δωροδόκημα
691 2017 739 2068 δὲ
779 2023 873 2069 τῶν
917 2019 1088 2069 ἀδίκων
1131 2019 1310 2070 τούτων
1355 2021 1617 2087 ἀνθρώπων

102 2187 195 2216 certe
223 2183 429 2216 alterutrum
456 2182 582 2227 spuriae
612 2182 745 2216 ἐκδόσει
765 2182 932 2216 orationis
951 2182 1189 2217 tribuendum.
1249 2183 1285 2216 Si
1314 2184 1507 2229 genuinum
1529 2184 1615 2220 illud

100 2247 136 2281 p.
161 2233 246 2274 288,
272 2233 330 2269 26.
361 2247 406 2269 an
435 2235 515 2269 inde
544 2235 691 2281 profecit
721 2242 842 2269 auctor
853 2236 893 2269 ‘3³’
924 2236 978 2269 De
998 2248 1068 2282 quo
1089 2236 1238 2282 amplius
1258 2238 1487 2281 quaerendum
1513 2239 1615 2273 nobis

102 2288 167 2322 erit
185 2288 221 2322 in
242 2288 526 2323 Commentariis.
676 2295 697 2322 g
717 2289 791 2335 ἕνῃ]
812 2290 886 2332 ἕννη
906 2289 1013 2334 k.p.r.
1173 2287 1187 2309 '¹
1209 2289 1355 2336 εἰρήνης]
1382 2290 1511 2334 εἰρήνης
1529 2293 1615 2338 πρὸς

100 2340 294 2385 Ἀθηναίους
315 2341 462 2376 O.t.u.V.
550 2339 560 2366 i
581 2341 766 2387 συνθήκας]
787 2341 955 2385 συνθήκας
973 2343 1058 2387 πρὸς
1077 2342 1137 2375 τὸν
1156 2342 1315 2386 ἆθηναῖον
1335 2344 1441 2387 δῆμον
1460 2345 1497 2378 k.
1528 2346 1614 2391 πρὸς

99 2395 158 2428 τὸν
176 2393 341 2438 ἇθηναῖων
361 2396 466 2438 δῆμον
486 2396 559 2430 A.S.
716 2392 737 2420 k
765 2397 812 2442 τῷ
840 2394 1039 2440 Ἀθηναίων]
1072 2399 1138 2429 τῶν
1157 2395 1322 2439 ἀθηναίων
1342 2396 1611 2442 Q.O.p.1·.t.u.v.

99 2444 110 2472 Ῑ
129 2448 324 2494 ὑπερβολὴν
344 2448 474 2488 ἙἫΞΟ
505 2448 676 2493 ἀναβολὴν
695 2449 812 2495 vulgo.
924 2454 954 2473 m
974 2450 1094 2490 λαβεῖν
1110 2463 1145 2482 τε
1165 2448 1243 2494 παρ’
1263 2449 1384 2496 αὐτοῦ]
1411 2449 1488 2495 παρ’
1509 2452 1612 2486 αὐτοῦ

1264 2512 1286 2529 ω

97 2535 217 2575 λαβεῖν
235 2535 349 2570 A.k.s.
506 2541 526 2560 Π
546 2534 836 2581 ὡμολογημέναις]
866 2534 1161 2581 ὧμολογουμέναις
1182 2535 1226 2569 O·
1264 2512 1553 2582 ομολογοῖιμέναις
1572 2539 1608 2573 k.

98 2588 383 2633 ὁμολογουμέναις
404 2601 509 2635 o.p.q.
645 2595 663 2614 0
683 2587 884 2634 Ἀθηναίων]
906 2588 1063 2632 ἇθηναῖον
1082 2590 1194 2634 A.p.1·.
1218 2620 1234 2636 α
1333 2597 1350 2626 Ρ
1371 2593 1609 2635 συμπεριλαμ-

96 2640 278 2686 βάνοντας]
303 2643 701 2686 συμπαραλαμβάνοντας
719 2643 824 2676 A.r.S.
856 2643 1251 2687 συμπαραλαμβάνοντες
1270 2655 1304 2688 p.
1407 2649 1426 2676 q
1446 2643 1611 2688 Αἰσχίνης

97 2705 166 2728 om.
189 2694 366 2734 F.S.Y.Q.
397 2696 553 2740 αἷσχίνης
581 2694 773 2740 ἀτρομήτου
802 2706 870 2728 rec.
893 2694 937 2728 Ο.
1089 2701 1104 2718 1'
1134 2695 1370 2741 Κηφισοφῶν]
1405 2698 1562 2742 κηφισῶν
1581 2703 1608 2731 t.

96 2748 272 2792 κτησιφῶν
292 2748 371 2783 ΟΝ.
482 2754 496 2772 S
517 2750 556 2791 τῇ
575 2748 694 2794 πόλει]
718 2750 776 2792 τῆς
795 2749 927 2782 πόλεως
949 2748 993 2782 Ο.
1088 2745 1102 2772 t
1121 2747 1178 2793 τὸ]
1204 2751 1249 2781 τῶ
1271 2748 1420 2783 O.r.u.V.
1510 2755 1530 2774 U
1551 2756 1609 2784 Φι-

96 2799 228 2847 λίππῳ]
252 2804 312 2835 τοῦ
331 2801 505 2845 φιλίππου
525 2802 638 2836 A.k.s.
762 2806 778 2822 Χ
799 2800 942 2842 καθῆντο
964 2801 1044 2834 ΟΝ.
1076 2801 1219 2844 κάθηντο
1239 2803 1357 2847 vulgo.
1481 2808 1499 2836 Y
1518 2803 1612 2837 τάκεῖ

97 2853 138 2886 A.
168 2865 239 2888 om.
265 2866 317 2899 pr.
342 2855 377 2889 S.
408 2861 489 2889 ante
516 2855 840 2900 καταστρεψάμενος
869 2861 1007 2899 ponunt
1038 2851 1117 2899 (qui
1143 2856 1184 2888 τὰ
1211 2855 1290 2900 ἐκεῖ)
1315 2856 1382 2890 k.s.
1410 2862 1445 2890 et
1470 2868 1538 2890 rec.
1569 2857 1606 2892 S.

97 2910 115 2929 Ζ
134 2906 284 2952 μᾶλλον]
307 2907 430 2951 ὁμοίως
448 2908 603 2943 A.S.k.s.
716 2914 734 2933 a
754 2905 861 2951 ἡμῶν]
888 2906 979 2951 ὑμῶν
1001 2907 1035 2941 S.
