1930 3266
302 188 387 227 34⁶2
839 195 1267 232 ΔΗΜΟΣΘΕΝΟΎΣ
1366 193 1447 231 On.
1468 192 1651 232 XVIII.
1675 204 1882 248 p.324,1⁸

302 324 397 355 τος.
446 304 714 371 Ρέπιλείψει
760 328 816 367 με
865 306 1068 370 λέγοντα
1118 305 1146 368 ἡ
1200 306 1346 371 ἡμέρα
1390 304 1449 355 τὰ
1493 310 1587 355 τῶν
1636 308 1813 372 προδο-

204 396 395 453 366τῶν
433 391 657 457 ὀνόματα.
701 395 826 444 οὗτοι
859 394 1030 447 πάντες
1063 396 1194 455 εἰσὶν,
1234 394 1396 459 ἄνδρες
1431 395 1687 458 Ἀθηναῖοι,
1722 400 1816 445 τῶν

300 475 453 525 αὐτῶν
479 477 818 539 βουλευμάτων
844 480 892 527 ἐν
924 483 1050 530 Ἶταῖς
1077 479 1229 528 αὑτῶν
1258 480 1484 543 πατρίσιν
1509 477 1661 545 ὧνπερ
1689 479 1814 530 οὗτοι
1828 506 1868 529 20
1928 502 1930 508 ’

297 560 406 625 παρ’
449 562 566 622 ὑμῖν,
603 561 841 627 ἅνθρωποι
880 564 1036 627 μιαροὶ
1075 564 1148 612 καὶ
1192 561 1389 615 κόλακες
1425 564 1500 612 καὶ
1535 563 1814 629 ἀλάστορες,
1920 557 1930 675 Ε

296 642 729 709 ἠκρωτηριασμένοι
756 644 838 698 τὰς
868 646 1044 695 ἑαυτῶν
1071 646 1261 696 ἕκαστοι
1299 647 1541 711 πατρίδας,
1568 646 1653 710 τὴν
1678 649 1808 698 ε’λευ-
1919 679 1930 736 F

296 726 453 791 θερίαν
473 727 835 792 προπεπωκότες
853 728 1082 794 πρότερον
1103 728 1186 790 μὲν
1208 730 1449 798 Φιλίππῳ,
1471 735 1553 779 νῦν
1573 729 1622 780 δὲ
1641 730 1812 798 Ἀλέξ-
1927 725 1930 735 ¹

294 809 463 879 άνδρῳ,
491 815 548 878 τῇ
574 814 748 877 γαστρὶ
782 818 1057 879 μετροῦντες
1094 815 1168 863 καὶ
1194 817 1288 866 τοῖς
1315 813 1583 880 αἰσχίστοις
1610 812 1695 877 τὴν
1729 816 1806 865 εὑ·
1824 837 1861 870 25

289 1000 376 1042 την
403 979 568 1040 αὑτῶν,
597 977 628 1028 ἃ
659 984 753 1032 τοῖς
792 981 1056 1046 Γπροτέροις
1086 978 1333 1044 “Έλλησιν
1360 979 1459 1045 ὅροι
1497 985 1592 1030 τῶν
1617 983 1811 1046 ἀγαθῶν

288 1060 415 1125 ἦσαν
442 1064 517 1111 καὶ
545 1061 747 1124 κανόνες,
775 1063 1186 1131 8οἰνατετραφότες.

191 1147 274 1201 367
364 1144 552 1209 Ταύτης
589 1147 745 1196 τοίνυν
771 1150 853 1210 τῆς
891 1148 1036 1200 οὕτως
1063 1151 1266 1214 αἰσχρᾶς
1301 1149 1375 1198 καὶ
1401 1147 1685 1212 περιβοήτου
1711 1171 1802 1199 συ-

286 1225 506 1281 στάσεως
533 1231 608 1279 καὶ
635 1231 809 1291 κακίας,
837 1235 1028 1293 μᾶλλον
1054 1231 1107 1292 δ’,
1134 1227 1192 1279 ἵῶ
1219 1229 1382 1294 ἄνδρες
1408 1231 1664 1293 Ἀθηναῖοι,
1689 1254 1805 1297 προ-
1817 1257 1898 1301 325

286 1311 463 1372 δοσιάς,
504 1315 540 1361 εἱ
580 1316 652 1362 δεῖ
682 1312 747 1376 μὴ
783 1318 958 1378 ληρεῖν,
994 1315 1076 1375 τῆς
1112 1316 1206 1362 τῶν
1241 1311 1493 1375 (Ελλήνων
1528 1315 1804 1379 ἐλευθερίας,
1916 1308 1920 1313 '

284 1400 303 1418 u
324 1393 345 1410 el

1919 743 1930 820 ἕῖ

470 895 480 911 Ι
614 894 625 909 x
723 897 732 910 )
773 897 783 911 9
962 898 972 914 Ι
1123 899 1136 915 χ
1204 895 1217 911 Χ
1369 897 1381 912 Ι
1480 897 1501 914 'l
1767 896 1777 912 Ι
1919 820 1930 882 β.

292 897 547 956 δαιμονιαν,
575 918 660 958 την
695 898 722 944 δ
761 901 1027 962 ελευθεριαν
1063 920 1137 946 και
1173 920 1225 947 το
1258 900 1434 960 μηδενα
1472 919 1592 963 εχειν
1629 900 1804 948 δεσπο-
1914 878 1930 1448 i

312 1416 341 1456 η
380 1417 429 1444 τε
468 1394 607 1448 πόλις
645 1396 776 1462 παρὰ
809 1401 959 1447 πᾶσιν
995 1395 1258 1461 ἀνθρώποις
1295 1397 1498 1450 ἀναίτιος
1531 1398 1719 1462 γε’γονεν
1754 1399 1803 1448 ἐκ
1914 1440 1922 1458 ,

1635 1479 1653 1500 '3
1697 1479 1710 1495 Ι

282 1482 377 1528 τῶν
428 1480 551 1541 ἐμῶν
600 1480 959 1542 πολιτευμάτων
1002 1481 1077 1529 καὶ
1128 1480 1219 1544 ἐγὼ
1269 1485 1382 1546 παρ’
1427 1482 1550 1543 ὑμῖν.
1612 1504 1710 1531 ειτα
1752 1482 1799 1544 μ’

281 1563 456 1630 ἐρωτᾷς
495 1565 597 1613 ἀντὶ
637 1565 774 1616 ποίας
814 1566 979 1630 ἀρετῆς
1015 1563 1133 1631 ἀξιῶ
1173 1568 1430 1627 τιμᾶσθαι;
1472 1563 1563 1629 ἐγὼ
1604 1564 1685 1628 ’δή
1720 1582 1831 1616 σοι5

183 1655 267 1708 368
283 1646 410 1711 λε’γω
438 1646 507 1697 ὅτι
542 1652 636 1697 τῶν
661 1647 1036 1711 πολιτευομένων
1066 1646 1195 1713 παρὰ
1221 1653 1318 1701 τοῖς
1344 1648 1564 1712 “Ελλησι
1591 1651 1796 1717 διαφθα-

278 1730 454 1796 ρέντων
482 1730 716 1794 ἁπάντων,
744 1731 1020 1799 ἀρξαμένων
1055 1730 1148 1781 ἀπὸ
1185 1737 1290 1793 σοῦ,
1322 1731 1552 1798 πρότερον
1591 1731 1674 1795 μὲν
1710 1731 1800 1783 ὑπὸ

280 1815 537 1878 Φιλίππου,
578 1821 660 1866 νῦν
695 1817 732 1865 δ’
763 1816 836 1866 ὑπ’
875 1815 1214 1883 Ἀλεξάνδρου,
1249 1815 1327 1877 ἐμὲ
1362 1818 1466 1867 οὔτε
1503 1816 1660 1882 καιρὸς
1695 1819 1800 1868 οὔτε

278 1900 612 1966 φιλανθρωπία
653 1898 812 1964 λόγων
848 1900 938 1949 οὔτ’
981 1901 1306 1965 Χέπαγγελιῶν
1347 1900 1543 1965 μέγεθος
1582 1903 1678 1951 οὔτ’
1719 1903 1796 1952 ἐλ-

416 1984 439 2002 ‚l

275 1985 353 2036 πῖς
380 2006 484 2034 ουτε
516 1991 535 2018 Υ
553 1983 704 2052 φόβος
741 1984 832 2034 οὔτ’
862 1983 987 2034 ἄλλο
1014 1983 1147 2035 οὐδὲν
1174 1987 1342 2050 ἐπῆρεν
1368 1984 1471 2035 οὐδὲ
1495 1985 1795 2052 προηγάγετο
1812 2013 1850 2035 ιο

275 2065 340 2117 ῶν
366 2067 522 2133 ε”κρινα
549 2068 735 2117 δικαίων
756 2069 831 2117 καὶ
851 2068 1196 2135 συμφερόντων
1221 2072 1279 2135 τῇ
1305 2070 1495 2135 πατρίδι
1521 2069 1653 2120 οὐδεν
1678 2092 1794 2136 προ-

178 2156 262 2209 369
276 2153 448 2211 δοῦναι,
470 2151 578 2213 ουδ,
600 2150 695 2201 όσα
715 2150 1112 2214 συμβεβουλευκα
1132 2152 1322 2202 πώποτε
1349 2154 1604 2214 Ζτουτοισι,
1626 2153 1796 2215 ὁμοίως

275 2236 381 2298 ὑμῖν
407 2233 628 2301 ὦσπερῆ
644 2234 700 2285 ἀν
731 2258 768 2285 ει
795 2237 843 2285 ἐν
870 2233 1073 2303 τρυτάνῃ
1107 2235 1262 2302 ῥεπων
1287 2236 1361 2286 ε’πι
1387 2258 1440 2286 το
1469 2239 1634 2299 λῆμμα
1660 2259 1790 2299 συμ-

272 2317 579 2380 βεβουλευκα,
607 2321 717 2368 ἀλλ’
744 2321 825 2370 ἀπ’
853 2321 994 2385 ὁρθης
1034 2343 1108 2370 και
1147 2321 1325 2373 δικαιας
1363 2342 1437 2370 και
1472 2319 1790 2421 1)οἰδιαφθόρου
1806 2344 1842 2377 15

273 2405 355 2466 τῆς
382 2405 592 2471 Οψυχης,
618 2425 692 2453 και
717 2426 957 2469 μεγιστων
984 2403 1040 2468 δὴ
1066 2403 1360 2470 πραγμάτων
1387 2402 1508 2455 (Ῑτῶν
1534 2406 1630 2455 κατ’
1652 2407 1791 2469 ε’μαυ-

326 2587 345 2614 P
367 2580 557 2627 ἐπιλείψει]
581 2583 760 2628 ἐπιλείψαι
780 2584 820 2616 A.
824 2584 858 2616 k
972 2589 991 2616 (1
1010 2597 1082 2618 ταις
1102 2583 1230 2629 αὐτῶν]
1255 2585 1328 2618 ταῖς
1348 2584 1475 2616 emmim
1495 2584 1530 2618 k.
1634 2589 1649 2608 ¹⁹
1667 2598 1790 2670 προτεω·

269 2634 359 2680 ροις]
384 2637 550 2680 πρότερον
569 2636 651 2670 A.k.
765 2644 777 2661 ⁵
798 2635 1069 2681 ἀνατετροφότες
1091 2637 1114 2670 S
1121 2649 1168 2682 .p.
1199 2636 1468 2681 ἀνατετροφότες
1488 2637 1607 2682 xulgo.

271 2700 341 2721 om.
357 2689 399 2722 A.
526 2695 545 2713 ¹¹
566 2689 587 2732 ἥ
604 2703 639 2723 τε
660 2691 761 2724 πόλις
779 2695 859 2735 post
879 2689 1067 2733 ἀνθρώποις
1086 2703 1120 2735 p.
1125 2702 1151 2724 r.
1276 2696 1292 2713 ⁸
1309 2690 1364 2734 δή]
1389 2690 1469 2724 &S
1446 2691 1480 2724 S.
1603 2694 1617 2710 Χ
1640 2689 1785 2736 ἐπαγγε-

269 2741 370 2787 λιῶν]
395 2741 564 2787 ἀγγελιῶν
584 2744 619 2776 k.
769 2748 784 2772 )
815 2743 944 2788 φόβος]
978 2744 1090 2788 φόβος
1120 2745 1196 2776 οὔτε
1225 2744 1322 2788 χάρις
1342 2745 1383 2777 A.
1389 2744 1423 2776 k.
1429 2755 1456 2778 S.
1479 2748 1514 2777 et
1542 2755 1562 2776 a
1590 2755 1636 2777 m.
1658 2755 1725 2777 Sec.
1749 2744 1785 2777 S.

272 2800 289 2819 Ζ
308 2795 480 2840 τουτοισὶ]
505 2795 637 2831 τούτοις
645 2797 736 2873 bAk.
904 2802 921 2820 a
950 2795 989 2830 ὰν
1010 2797 1038 2830 εἷ
1058 2809 1127 2830 om.
1148 2798 1189 2831 A.
1195 2797 1230 2830 k.
1236 2809 1269 2842 p.
1274 2809 1320 2830 luz
1305 2809 1331 2830 ζ.
1362 2797 1391 2830 εἷ
1410 2797 1445 2830 ἐν
1464 2809 1534 2830 om.
1559 2797 1596 2831 F.
1601 2797 1667 2831 Y.·
1660 2810 1668 2830 ε

270 2849 464 2883 Sec.h‹1bct
486 2849 522 2884 S.
645 2846 913 2895 ὒάδιαφθόρου]
937 2849 1125 2894 ἀδιαφόρου
1145 2856 1172 2884 t.
1176 2862 1208 2884 v.
1325 2855 1341 2874 (ἲ
1361 2850 1495 2895 ψυχῆς]
1520 2809 1771 2884 Addebaturm
1743 2850 1785 2883 τὰ

267 2901 375 2934 πάντα
395 2917 452 2945 μοι
471 2903 670 2948 πέπρακται,
691 2915 769 2948 quae
788 2903 893 2936 verba
912 2915 983 2938 om.
1005 2904 1046 2936 A.
1053 2903 1075 2936 S
1082 2904 1128 2937 ..k
1135 2916 1162 2938 s.
1207 2903 1248 2936 τὰ
1268 2915 1339 2938 om.
1363 2903 1400 2937 F
1405 2903 1434 2936 Y
1440 2903 1494 2942 .Q.
1502 2903 1543 2938 O.
1548 2916 1581 2949 p.
1585 2909 1611 2937 t.
1617 2915 1650 2937 u.
1654 2915 1687 2937 v.
1726 2917 1785 2948 μοι

268 2964 337 2988 om.
361 2955 406 2993 Q.
536 2955 554 2981 d
586 2959 652 2989 τῶν
672 2956 763 2989 iuter
783 2968 902 2990 volsus
922 2956 1087 3002 positum,
1109 2957 1170 2990 sed
1190 2968 1327 2990 elasum
1347 2957 1383 2990 in
1406 2956 1440 2990 S.

1906 2170 1913 2240 ἔ

1904 2245 1914 2393 ἓ

1777 2394 1911 2991 ἓ
