1882 3250
0 199 230 240 ¹-123,20.
625 188 767 225 ΚΑΤΑ
798 188 1074 225 ΦΙΛΙΠΠΟΤ
1104 189 1146 224 Γ.
1466 231 1475 235 ,
1555 186 1635 226 131

126 297 250 349 ὥστε
302 300 378 348 καὶ
427 298 658 361 στηλίτας
707 302 868 348 ποιεῖν.
937 299 987 347 ἐκ
1031 295 1081 347 δὲ
1129 295 1308 347 τούτων
1352 295 1537 350 εἰκότως
1579 297 1639 347 τὰ

126 386 222 432 τῶν
264 379 515 444 “Ελλήνων
565 378 623 444 ἦν
671 383 737 448 τῷ
786 378 1016 448 βαρβάρῳ
1067 378 1265 447 φοβερὰ,
1309 380 1396 446 οὐχ
1442 381 1466 430 ὁ
1510 379 1631 445 βάρ-
1651 405 1688 435 25

58 471 114 525 56
126 469 272 530 βαρος
309 468 405 515 τοῖς
435 461 694 526 ”Έλλησιν.
753 464 862 512 ἀλλ’
892 463 944 513 οὐ
983 468 1076 513 νῦν·
1117 463 1170 513 οὐ
1206 461 1300 528 γὰρ
1337 464 1482 516 οὕτως
1518 463 1635 529 ἔχεθ’

127 549 252 610 ὑμεῖς
296 547 400 596 οὔτε
448 545 567 611 πρὸς
617 545 676 596 τὰ
725 551 916 596 τοιαῦτα
967 546 1071 595 οὕτε
1121 543 1240 610 πρὸς
1289 545 1462 606 τᾶλλα,
1508 544 1639 595 ἀλλὰ

123 634 258 690 πῶς;
309 628 447 677 Ῡῖστε
482 629 627 678 αὐτοί·
669 628 718 678 τί
744 626 837 694 γὰρ
869 631 940 678 δεῖ
970 629 1077 693 περὶ
1110 626 1300 678 πάντων
1333 629 1460 690 ὑμῶν
1498 650 1638 692 κατη--

124 718 308 779 γορεῖν;
353 712 729 778 Ζπαραπλησίως
755 711 802 762 δὲ
829 716 904 762 καὶ
931 712 1062 762 οὐδὲν
1088 712 1280 772 βέλτιον
1306 713 1435 774 ὑμῶν
1461 709 1638 762 ἃᾶπαν-
1657 733 1730 774 ¹23

124 820 198 850 τες
230 801 272 847 οὶ
307 798 465 847 λοιποὶ
491 795 747 861 “Έλληνες.
803 794 961 861 διόπερ
989 797 1110 863 φημὶ
1142 795 1290 860 ἔγωγε
1322 797 1397 845 καὶ
1428 798 1638 859 σπουδῆς

122 883 311 943 πολλῆς
341 882 415 929 καὶ
449 883 629 943 βουλῆς
656 882 835 944 ἀγαθῆς
861 877 919 928 τὰ
944 877 1156 944 παρόντα
1187 877 1446 944 πράγματα
1476 901 1635 945 προσ-

124 966 322 1013 δεῖσθαι.
379 963 501 1015 τίνος
526 962 671 1023 ε’ίπως
712 962 918 1012 κελεύετε
945 963 1022 1012 καὶ
1048 963 1132 1012 οὐκ
1160 960 1452 1028 ὺόργιεῖσθες

322 1087 419 1124 CEK
450 1087 559 1125 ΤΟΥ
588 1087 984 1124 ΓΡΑΜΜΑΤΕΙΟΥ
1015 1088 1436 1124 ΑΧΑΓΙΓΝΩΣΚΕῙ.

56 1175 109 1218 57
188 1155 336 1207 ’Έστι
374 1157 529 1207 τοίνυν
562 1180 631 1210 τις
667 1154 832 1220 εὐήθης
870 1156 1015 1222 λόγος
1052 1156 1181 1223 παρὰ
1215 1162 1308 1208 τῶν
1342 1161 1666 1224 παραμυθεῖ-5

123 1244 237 1291 σθαι
267 1239 569 1303 βουλομένων
594 1239 680 1303 τὴν
710 1240 865 1302 πόλιν,
894 1243 954 1293 ὡς
988 1240 1079 1306 ἄρα
1112 1242 1240 1292 οὔπω
1269 1242 1508 1294 Φίλιππός
1534 1243 1638 1292 ε’στι

123 1322 360 1377 ἀτοιοῦτος
394 1322 484 1374 οἷοί
515 1325 617 1374 ποτ’
646 1322 772 1387 ἦσαν
799 1324 1168 1386 Λακεδαιμόνιοι,
1203 1324 1245 1374 οἳ
1281 1325 1520 1389 θαλοίττης
1554 1325 1638 1388 μὲν

122 1407 268 1474 ἦρχον
317 1409 391 1457 καὶ
441 1410 527 1472 γῆς
579 1407 782 1471 ἁπάσης,
835 1407 1045 1467 βασιλέα
1096 1407 1144 1458 δὲ
1195 1407 1449 1476 σύμμαχον
1498 1407 1636 1476 εἶχον,

124 1491 358 1560 ὑφίστατο
387 1493 425 1540 δ’
454 1490 609 1541 εούδέν
636 1491 817 1544 αὐτούς·
861 1492 970 1541 ἀλλ’
1001 1490 1125 1554 ὅμως
1160 1492 1368 1555 ἠμύνατο
1402 1493 1637 1546 κάκείνους
1653 1523 1690 1544 10

55 1575 150 1643 5ὃὴ
184 1573 324 1627 πόλις
361 1576 437 1625 καὶ
475 1575 557 1625 οὐκ
594 1573 893 1639 ἀνηρπάσθη.
952 1573 1044 1639 ἐγὼ
1076 1573 1125 1625 δὲ
1155 1573 1402 1626 ῗὰπάντων
1434 1578 1495 1629 ὡς
1528 1576 1638 1630 ε”πος

122 1663 262 1710 εἰπεῖν
286 1657 477 1722 πολλὴν
497 1656 763 1726 εἰληφότων
786 1660 1012 1720 ἐπίδοσιν,
1034 1661 1109 1709 καὶ
1135 1658 1266 1709 οὐδὲν
1292 1660 1465 1722 ὁμοίων
1490 1659 1638 1710 ὄντων

121 1746 214 1793 τῶν
240 1748 322 1793 νῦν
347 1746 442 1796 τοῖς
467 1741 708 1809 πρότερον,
736 1742 865 1792 οὐδὲν
892 1742 1092 1807 ἡγοῦμαι
1126 1743 1272 1793 πλεόν
1298 1741 1327 1806 ἢ
1354 1742 1413 1793 τὰ
1437 1749 1519 1794 τοῦ
1550 1767 1638 1795 πο-

121 1825 265 1889 λέμου
310 1829 580 1889 κεκινῆσθαι
631 1829 705 1876 καὶ
751 1826 1118 1877 ἕέπιδεδωκέναι.
1185 1831 1375 1892 πρῶτον
1418 1826 1502 1889 μὲν
1543 1826 1636 1894 γὰρ

121 1909 273 1960 ἀκούω
309 1910 701 1973 Λακεδαιμονίους
735 1908 839 1960 τότε
879 1911 953 1959 καὶ
991 1908 1172 1962 πάντας
1211 1909 1317 1962 τοὺς
1355 1909 1635 1975 11’Έλληνας
1652 1940 1686 1971 15

52 2017 106 2058 59
120 1993 342 2060 τέτταρας
379 1997 528 2057 μῆνας
562 1992 590 2056 ἢ
626 1993 774 2054 πέντε,
807 1991 893 2056 τὴν
928 1994 1102 2057 ὡραίαν
1134 1992 1311 2056 ἰαὐτὴν,
1340 1993 1635 2056 ἐμβαλόντας

120 2077 140 2104 k
165 2077 182 2097 ,x
835 2075 846 2102 l

156 2101 212 2128 αν
252 2079 326 2128 καὶ
368 2077 675 2130 κακώσαντας
713 2075 799 2139 τὴν
862 2081 956 2126 τῶν
995 2076 1267 2127 ἀντιπάλων
1305 2078 1464 2143 χώραν
1499 2079 1635 2129 ὁπλί-

119 2184 218 2215 ταις
244 2163 319 2211 καὶ
350 2166 607 2213 πολιτικοῖς
633 2160 987 2226 στρατεύμασιν
1014 2162 1270 2227 ἀναχωρεῖν
1295 2162 1363 2211 ἐπ’
1393 2161 1519 2211 οἴκου
1544 2161 1635 2213 πά-
1650 2190 1689 2212 20

119 2312 210 2347 τινὰς
230 2313 397 2347 ὧνοῦντας
417 2313 468 2346 καὶ
489 2311 749 2358 διαφθείροντας
768 2313 1037 2359 intelligendum
1058 2326 1143 2348 esse.
1200 2314 1366 2348 Similiter
1385 2314 1636 2360 interpolatum

119 2377 154 2410 p.
171 2363 260 2404 686,
277 2376 313 2411 3.
342 2365 653 2410 ἄξιον-ἐξετάσαι
672 2369 743 2401 πῶς
763 2366 839 2401 ποθ’
855 2369 886 2400 οἱ
904 2368 1009 2401 πάλαι
1029 2370 1088 2402 τὰς
1108 2368 1203 2410 τιμὰς
1223 2369 1341 2411 ἔνεμον
1361 2369 1412 2401 καὶ
1432 2369 1492 2402 τὰς
1511 2368 1637 2412 δωρεὰς

119 2419 434 2464 τοῖς-εὐεργέταις
459 2420 511 2452 καὶ
541 2419 778 2463 ὅσοι-ξένοι.
819 2419 878 2453 κᾶν
906 2421 966 2463 μὲν
992 2419 1075 2463 ἴδητ’
1098 2421 1242 2455 ἐκείνους
1267 2421 1402 2463 ἄμεινον
1428 2421 1520 2463 ὑμῶν
1544 2435 1635 2465 χρω-

118 2472 249 2515 μένους,
271 2472 375 2505 καλὸν
394 2473 433 2505 τὸ
452 2471 679 2515 μιμήσασθαι·
708 2473 767 2506 ubi
787 2474 981 2518 χρωμένους
1000 2480 1093 2507 recte
1113 2474 1283 2507 omittunt
1304 2473 1525 2508 B.F.S.Y.O.
1578 2474 1635 2507 111·

118 2525 348 2570 telligendum
368 2525 462 2558 enim
483 2527 655 2568 νέμοντας.
767 2532 785 2559 5
805 2525 1025 2562 ἴστε-τίνος
1046 2539 1116 2560 om.
1138 2539 1191 2572 pr.
1214 2528 1248 2560 S.
1352 2533 1369 2551 Ζ
1389 2527 1637 2571 παραπλησίως

118 2577 201 2611 A.S.
232 2578 284 2611 καὶ
303 2578 551 2622 παραπλησίως
570 2579 688 2624 Vulgo.
795 2584 813 2603 a
832 2578 992 2624 ἅπαντες]
1016 2581 1068 2613 καὶ
1088 2579 1231 2614 ἅπαντες
1252 2581 1291 2613 F.
1401 2576 1418 2603 b
1440 2579 1630 2625 ὀργιεῖσθε]

117 2628 296 2675 ὀργίζεσθε
311 2632 354 2665 A.
450 2636 465 2655 ⁰
486 2636 930 2665 ΕΚ-ΑΝΑΓΙΓΝΩΣΚΕΙ
952 2633 1078 2668 F.S.Y.
1108 2633 1418 2678 ἐκ-ἀνιιγίνωσκε.
1447 2632 1637 2677 ἀνάγνωσις

118 2682 347 2729 γραμματείου
374 2685 415 2718 A.
467 2684 502 2717 ἐκ
530 2686 591 2717 τοῦ
619 2685 848 2729 γραμματείου
877 2685 1064 2731 ἀνάγνωσις
1096 2686 1136 2719 B.
1189 2685 1379 2731 ἀνάγνωσις
1406 2685 1636 2730 γραμματείου

119 2763 240 2797 margo
261 2753 301 2787 F.
324 2764 394 2786 om.
419 2751 541 2787 ΟΜΝ.
680 2749 699 2777 d
719 2755 873 2788 τοιοῦτος
892 2765 961 2786 om.
985 2754 1020 2788 S.
1165 2758 1180 2777 e
1200 2753 1314 2801 οὐδέν]
1333 2747 1443 2788 *effigias
1458 2754 1495 2788 F.
1526 2754 1636 2790 οὐδεὶς

1221 2804 1228 2814 ,

120 2818 240 2853 O.u.v.
349 2817 365 2844 f
380 2819 536 2853 ἁπάντων
556 2833 626 2854 om.
648 2833 700 2866 pr.
723 2821 768 2855 O.
890 2827 912 2854 g
931 2822 1180 2867 ἐπιδεδωκέναι]
1205 2815 1448 2856 ῧῆ-Ποδεδωκέναι
1469 2822 1515 2859 Ο.
1547 2823 1631 2857 ὑπο-

121 2872 295 2906 δεδωκέναι
316 2885 385 2907 u.v.
469 2871 489 2897 1¹
504 2872 675 2917 ’Έλληνας
694 2875 737 2909 A.
760 2880 795 2908 et
813 2888 867 2919 γρ.
891 2875 1022 2909 F.S.Y.
1053 2876 1180 2910 ἄλλους
1201 2875 1455 2910 F.S.Y.O.u.v.
1542 2873 1552 2900 i
1572 2877 1631 2910 αὐ-

119 2924 198 2971 τὴν]
235 2926 337 2970 αὐτὴν
370 2925 620 2972 στρατεύεσθαι
654 2928 707 2961 καὶ
737 2930 860 2961 τοῦτον
889 2929 949 2962 τὸν
977 2930 1102 2973 χρόνον
1130 2943 1187 2975 γρ.
1212 2929 1256 2963 Y.
1285 2935 1320 2963 et
1353 2941 1421 2964 rec.
1448 2942 1569 2977 margo
1597 2931 1632 2969 S,

121 2973 142 3002 k
160 2976 201 3013 ἂν
220 2991 290 3015 0111.
314 2979 479 3015 F.O.u.V.
591 2977 602 3005 l
622 2983 689 3014 τῶν
707 2980 901 3015 ἀντιπάλων
920 2993 990 3016 om.
1012 2994 1066 3027 pr.
1090 2982 1126 3017 S.

845 3055 910 3083 82
