1930 3266
19 208 224 251 —250‚25.
578 198 704 235 ΠΕΡΙ
734 198 844 235 ΤΟΎ
875 197 1183 236 ΣΤΕΦΑΝΟΤ.
1552 196 1637 238 263

55 1012 107 1054 93

58 1570 111 1623 9‘}

181 309 223 349 δὲ
249 307 460 359 μηδέτερον
486 308 632 347 τούτων
661 308 782 353 ἐστὶν,
806 306 926 347 δᾶλλ’
951 308 1027 360 ἰδίᾳ
1054 308 1352 359 ἀγνωμονοῦσιν
1380 306 1430 357 θῆ
1457 307 1510 348 ᾶὸ
1542 310 1635 349 ἀπο·
1651 321 1733 363 250

181 376 340 417 στείλας
362 374 385 425 ἢ
411 376 430 414 ὁ
457 373 767 425 ἀπεσταλμένος,
793 374 853 414 καὶ
878 376 1014 413 Ετοῦτο
1039 373 1214 425 1Γλέγειν,
1238 375 1303 413 ἵνα
1323 374 1636 426 ἕαῖσθανόμενος

179 445 199 483 ὁ
223 445 339 493 δῆμος
357 443 625 493 βουλεύσηται
645 442 685 482 τί
703 445 764 482 δεῖ
781 446 920 482 ποιεῖν,

275 527 294 535 Α
425 518 437 537 Χ
562 520 573 537 Ι
710 519 724 533 x
818 517 830 533 Ῑ
1074 519 1097 537 2!
1307 519 1330 536 ,Ι
1592 521 1602 535 5

196 525 351 571 Τουτο
381 542 466 582 μεν
498 542 653 570 τοινυν
678 542 731 570 το
757 522 996 587 ψηφισμα
1022 522 1269 578 Ευβουλος
1301 522 1525 587 εγραψεν,
1552 542 1635 571 ουκ

133 606 143 621 2
187 603 200 620 x
307 602 320 619 x
410 608 420 625 9
477 605 486 619 2
589 606 608 615 Α
682 604 692 619 ⁵
938 607 958 616 a
1075 600 1094 621 '3
1184 603 1194 618 t
1300 603 1312 618 ι
1576 602 1595 624 ‘3
1620 606 1630 621 ν

121 627 228 669 εγω,
274 627 328 654 το
380 606 407 653 δ
464 603 635 671 εφεξης
700 607 1002 669 Αριστοφων,
1053 604 1131 653 ειθ’
1201 606 1508 668 Ηγησιππος,
1554 628 1620 654 ειτ
1646 625 1663 657 5

122 691 430 755 Ἀριστοφῶν
472 686 632 748 πάλιν,
673 684 770 736 εἶτα
815 685 1124 751 Φιλοκράτης,
1169 684 1265 736 εἶτα
1313 690 1633 756 Κηφισοφῶν,

121 771 218 823 εἶτα
267 771 474 825 11πάντες
521 769 588 820 ἰοἱ
638 770 796 820 ἄλλοι·
865 769 957 834 ἐγὼ
1009 771 1047 820 δ’
1095 769 1226 820 οὐδὲν
1279 772 1386 836 περὶ
1435 771 1629 822 τούτων.

119 855 142 882 k
157 856 285 920 λε’γε.

720 924 1035 972 ῙΨΙ-ΙΦΙΣΜΑ.

233 1004 326 1045 Ἐπὶ
347 1003 616 1045 [ΠΝεοκλέους
637 1004 837 1056 ἄρχοντος,
859 1007 1150 1055 βοηδρομιῶνος
1171 1012 1191 1031 ¹¹
1206 1004 1272 1054 ἕνῃ
1295 1005 1356 1044 καὶ
1381 1004 1461 1058 νέᾳ,
1484 1007 1633 1055 βουλῆς
1650 1022 1688 1043 ιο

177 1073 323 1127 γνώμῃ,
356 1071 561 1123 πρυτάνεις
597 1071 658 1110 καὶ
694 1071 905 1122 στρατηγοὶ
941 1069 1209 1122 ἐχρημάτισαν
1243 1072 1291 1110 τὰ
1323 1072 1364 1110 ἐκ
1394 1074 1460 1121 τῆς
1494 1072 1631 1122 ἐκκλη-

177 1141 264 1182 σίας
285 1139 604 1191 0ἀνενεγκόντες,
626 1139 684 1177 ὅτι
710 1138 818 1187 ἔδοξε
844 1138 895 1192 τῷ
919 1137 1023 1191 δήμῳ
1047 1136 1235 1188 πρέσβεις
1257 1137 1421 1178 ἑλέσθαι
1445 1138 1540 1190 πρὸς
1560 1139 1631 1178 Φί-

175 1212 323 1247 λιππον
343 1207 432 1257 περὶ
456 1209 521 1255 τῆς
545 1209 621 1245 τῶν
641 1206 792 1245 πλοίων
818 1206 1051 1255 ἀνακομιδῆς
1079 1206 1141 1244 καὶ
1170 1206 1334 1246 ἐντολὰς
1355 1208 1488 1245 δοῦναι
1508 1207 1634 1245 Ρκατᾶ

175 1276 223 1314 τὰ
249 1275 323 1313 ίἰέκ
354 1275 420 1322 τῆς
452 1273 663 1322 ἐκκλησίας
692 1272 946 1324 ψηφίσματα.
996 1272 1057 1312 καὶ
1089 1273 1242 1312 εἴλοντο
1272 1273 1425 1321 τούσδε,
1456 1276 1685 1324 Κηφισο-ῐὸ

176 1345 311 1392 φῶντα
342 1339 528 1381 Κλέωνος
555 1338 866 1390 Ἀναφλύστιον,
898 1340 1142 1389 Δημόκριτον
1174 1342 1441 1390 Δημοφῶντος
1466 1338 1634 1391 Ἀναγυ-

175 1408 330 1460 ράσιον,
368 1408 614 1459 Πολύκριτον
653 1405 903 1456 Ἀπημάντου
946 1407 1180 1455 Κοθωκίδην.
1232 1407 1468 1459 Υπρυτανείᾳ
1508 1409 1636 1457 φυλῆς

176 1483 189 1502 ⁵
202 1474 516 1521 Ἱπποθωντίδος,
535 1473 786 1525 Ἀριστοφῶν
806 1476 817 1497 t
830 1473 1053 1515 Κολλυτεὺς
1073 1474 1258 1524 πρόεδρος
1279 1473 1402 1514 εἶπεν.

186 1551 380 1618 σΩσπ-ερ
429 1552 585 1602 τοίνυν
633 1550 724 1617 ἐγὼ
773 1557 921 1602 ταῦτα
971 1551 1159 1602 δεικνύω
1213 1551 1272 1602 τὰ
1322 1553 1635 1619 ψηφίσματα,

122 1637 242 1687 οὕτω
274 1638 379 1686 11καὶ
417 1634 481 1685 σὺ
515 1634 681 1703 δεῖξον,
716 1636 935 1701 Αἰσχίνη,
967 1640 1129 1685 Χποῖον
1168 1634 1260 1701 ἐγώ
1298 1636 1493 1703 γράψας
1528 1635 1688 1703 ψή-ἳο

122 1725 282 1788 φισμα
319 1719 462 1772 αἴτιός
500 1723 591 1783 εἶμι
633 1724 715 1769 τοῦ
758 1719 983 1782 πολέμου.
1050 1720 1159 1769 ἀλλ’
1194 1720 1276 1770 οὐκ
1315 1719 1372 1769 ἂν
1410 1720 1547 1786 ἔχοις·
1598 1723 1635 1769 εἰ

121 1802 213 1870 γὰρ
248 1801 380 1870 εἶχες,
412 1801 542 1853 οὐδὲν
577 1800 635 1853 ἂν
669 1802 810 1852 αὑτοῦ
847 1800 1075 1868 πρότερον
1111 1805 1210 1853 νυνὶ
1246 1802 1508 1870 παρέσχου.
1561 1805 1637 1853 καὶ

121 1886 214 1951 μὴν
258 1887 354 1936 οὐδ’
396 1887 456 1935 Υὸ
510 1887 748 1938 Φίλιππος
796 1885 927 1936 οὐδὲν
978 1890 1177 1937 αἰτιᾶται
1227 1885 1339 1950 Ζέμὲ
1391 1886 1504 1952 ὑπὲρ
1555 1893 1638 1937 τοῦ

121 1969 346 2033 πολέμου,
385 1969 553 2034 ἑτέροις
596 1971 828 2034 ἐγκαλῶν.
896 1969 1017 2032 Λέγε
1059 1971 1096 2020 δ’
1134 1969 1278 2034 αὐτὴν
1315 1968 1400 2033 τὴν
1439 1972 1631 2021 ἐπιστο-

122 2053 214 2117 λὴν
239 2052 355 2116 ἢτὴν
380 2059 462 2103 τοῦ
490 2053 747 2104 Φιλίππου.
1650 2080 1688 2110 25

175 2190 196 2219 b
217 2193 296 2228 ἀλλ’
316 2193 400 2239 ἰδίᾳ]
428 2193 505 2227 ἀλλ’
528 2194 593 2238 ι’δίᾳ
613 2209 645 2228 τι
664 2207 729 2240 p.r.
770 2195 848 2229 ἀλλ’
869 2196 935 2240 ἰδίᾳ
956 2195 998 2230 δι’
1020 2196 1056 2230 S.
1095 2195 1172 2230 ἀλλ’
1193 2195 1243 2230 ἀεὶ
1263 2196 1352 2229 διατί
1370 2197 1446 2230 A.s.
1487 2194 1565 2228 ἀλλ’
1586 2194 1638 2228 ἀεὶ

122 2247 211 2281 διάτι
228 2248 264 2281 k.
349 2253 365 2272 ⁰
383 2247 402 2290 ἢ
423 2259 493 2281 om.
511 2247 661 2293 A,k.p.r.
747 2245 766 2273 d
786 2250 803 2281 ὁ
824 2261 894 2283 om.
918 2262 944 2283 s.
1031 2255 1047 2274 θ
1067 2251 1168 2282 τοῦτο
1189 2261 1258 2283 om.
1281 2249 1461 2288 F.S.Y.Q.
1547 2245 1563 2272 f
1579 2249 1636 2281 λε’-

122 2315 195 2346 γειν
214 2300 575 2339 F.S.Y.Q.O.1·.t.u.V.
612 2301 812 2347 Legebatur
831 2303 964 2348 γράψαι
983 2302 1108 2348 λέγειν.
1198 2308 1218 2335 g
1238 2301 1495 2346 αἰσθανόμενος]
1519 2301 1638 2335 αἰσθό-

122 2368 220 2397 μενος
241 2354 322 2388 O.u.
409 2351 428 2378 h
448 2353 587 2399 πάντες]
611 2355 716 2388 πάλιν
734 2367 798 2400 p.r.
894 2353 904 2380 i
925 2357 956 2390 οἱ
975 2356 1075 2389 ἄλλοι
1095 2368 1164 2390 om.
1188 2356 1223 2389 S.
1307 2352 1327 2379 k
1347 2357 1428 2400 λέγε
1450 2356 1484 2389 S.
1524 2355 1637 2400 Lege-

121 2406 225 2441 batur
243 2407 324 2453 λέγε
343 2408 382 2441 τὸ
401 2408 585 2454 ψήφισμα.
724 2405 734 2433 Ῑ
755 2414 962 2443 ΨΗΦΙΣΜΑ
983 2421 1052 2443 0111.
1073 2421 1099 2442 r.
1253 2414 1282 2432 m
1304 2407 1510 2453 Νεοκλέους]
1537 2413 1637 2441 Νικο-

124 2460 242 2495 κλέους
273 2461 362 2495 libri.
421 2461 582 2496 Correxit
613 2461 821 2502 Felicianus,
857 2463 956 2507 cujus
989 2463 1226 2507 conjecturam
1260 2462 1303 2495 ab
1333 2462 1452 2495 codice
1482 2462 1634 2506 August.

126 2514 278 2548 secundo
298 2515 495 2549 confirmari
514 2515 674 2560 perhibet
695 2515 869 2549 Reiskius.
973 2522 992 2540 ὓ
1013 2516 1085 2560 ἕνῃ]
1111 2516 1186 2558 ἕννῃ
1206 2528 1240 2560 p.
1344 2520 1362 2539 0
1382 2513 1632 2560 ἀνενεγκόντες]

124 2565 364 2612 ἀπενεγκόντες
382 2569 525 2603 A.k.r.s.
556 2568 745 2613 ἐνεγκόντες
766 2568 917 2604 O.t.u.v.
1047 2574 1066 2601 P
1087 2569 1168 2602 κατὰ
1190 2567 1397 2602 Schaeferus.
1437 2567 1638 2613 Legebatur

126 2619 191 2653 καί.
280 2626 298 2653 q
319 2621 353 2654 ἐκ
373 2633 443 2656 om.
464 2623 615 2666 k.p.r.S.‚
635 2633 706 2654 non
726 2622 768 2655 A.
856 2627 872 2646 1'
890 2621 1088 2667 πρυτανείᾳ]
1112 2621 1281 2666 πρυτανέα
1300 2622 1382 2656 A.k.
1413 2634 1577 2665 πρυτανια
1599 2620 1635 2654 S.

126 2676 141 2696 S
159 2671 437 2720 Ἱπποθωντίδος]
458 2674 680 2709 scribebatur
693 2673 988 2709 Ἱπποθοωντίδος.
1019 2674 1206 2720 Antiquior
1226 2675 1334 2708 altera
1352 2673 1504 2707 nominis
1524 2673 1638 2707 forma

127 2730 191 2765 est,
212 2738 316 2771 quam
336 2727 568 2762 Demostheni
583 2728 656 2772 jam
676 2727 760 2761 olim
780 2739 822 2761 ex
844 2728 878 2761 S.
899 2727 1037 2761 restitui
1055 2740 1089 2772 p.
1108 2737 1202 2761 1001
1215 2755 1222 2761 .
1241 2734 1275 2761 et
1297 2737 1408 2761 1002.
1511 2725 1524 2750 t
1545 2728 1634 2760 Κολ·

125 2794 263 2841 λυτεὺς]
293 2797 454 2832 κολυτεὺς
477 2798 561 2832 A.k.
601 2790 762 2831 κολυττεὺς
786 2809 821 2830 u.
871 2797 1093 2831 scribebatur
1121 2796 1324 2836 Κολυττεὺς,
1352 2797 1447 2841 quod
1471 2801 1637 2830 constans

125 2846 197 2881 fere
223 2849 380 2883 codicum
400 2850 524 2884 vitium
548 2856 611 2891 est,
630 2855 792 2884 notatum
819 2850 861 2883 ab
884 2861 939 2883 me
969 2850 1013 2883 ad
1032 2850 1249 2883 Thesaurum
1273 2849 1441 2894 Stephani
1460 2850 1528 2883 vol.
1544 2861 1580 2894 4.
1601 2861 1635 2895 p.

132 2907 242 2947 1754.
277 2902 385 2937 Recte
405 2904 573 2949 seriptum
592 2904 629 2937 in
651 2903 686 2937 S.
701 2915 737 2948 p.
757 2912 843 2947 742,
859 2913 916 2937 12.
934 2908 968 2937 et
987 2910 1044 2948 17.
1111 2908 1133 2926 u
1153 2903 1205 2936 καὶ
1225 2914 1296 2936 om.
1314 2915 1365 2948 pr.
1384 2903 1419 2936 S.
1476 2907 1497 2926 Χ
1516 2902 1631 2948 ποῖον]

125 2953 243 2987 ὁποῖον
264 2955 300 2989 S.
397 2962 417 2989 Y
437 2957 454 2990 ὁ
474 2969 543 2991 om.
565 2969 634 2991 ux.
655 2962 690 2990 et
709 2968 761 3001 pr.
783 2955 827 2990 Ο.
916 2961 933 2980 Ζ
954 2956 1011 2999 ἐμὲ
1033 2955 1068 2989 S.
1097 2970 1139 2999 με
1157 2955 1274 3001 vulgo.
1361 2961 1379 2980 ⁸
1398 2956 1459 3000 τὴν
1478 2955 1636 2989 additum

125 3017 168 3040 ex
186 3007 456 3043 A.F.S.Y.k.r.s.
