1882 3250
28 159 96 213 38,
111 172 165 197 23.
618 157 980 196 οΛΎΝΘιΑΚοΣ
1012 159 1053 194 r.
1541 156 1595 194 43

23 267 242 331 ‘40¹²13ptc3v
266 267 601 336 ἐπαυξάνοντα.
645 268 810 317 οὐκοῦν
835 265 899 317 σὺ
931 265 1235 334 μισθοφορὰν
1269 267 1450 331 λε’γεις;
1491 267 1584 334 φή·
1603 277 1656 330 38

86 373 162 402 σει
193 373 274 404 τις.
314 354 390 402 καὶ
433 349 722 417 παραχρῆμά
759 372 814 415 γε
848 349 934 413 τὴν
964 348 1107 413 αὐτὴν
1143 349 1373 418 σύνταξιν
1412 350 1586 400 edwiu-

85 457 192 497 των,
234 432 271 485 ὦ
317 433 478 500 ἄνδρες
518 434 774 497 Ἀθηναῖοι,
818 433 893 483 ἵνα
932 437 1026 483 τῶν
1067 431 1258 483 ι’κοινῶν
1299 433 1497 485 ἕκαστος
1537 434 1591 485 τὸ

83 518 222 584 με’ρος
265 517 541 579 λαμβάνων,
580 516 688 566 ὅτου
732 515 879 566 δέοιτο
918 517 946 579 ἡ
986 515 1141 573 πόλις,
1180 517 1325 566 τοῦθ’
1369 516 1585 584 ὑπάρχοι.
1604 545 1620 574 5

83 600 267 668 ἔξεστιν
300 599 431 665 ἄγειν
471 600 703 666 ἡσυχίαν·
693 641 704 659 ,
745 622 858 649 οικοι
889 621 1039 661 μενων
1070 597 1132 649 fef
1165 600 1380 660 βελτίων,
1416 606 1498 650 τοῦ
1533 603 1586 650 δι’

17 704 66 745 41
83 683 257 734 ἔνδειαν
299 683 478 750 ἀνάγκῃ
522 705 567 733 τι
614 687 762 734 ποιεῖν
803 681 1003 750 αἱσχρον
1046 683 1426 748 ἀπηλλαγμενος.
1467 705 1590 746 συμ-

78 768 228 827 βαίνει
265 774 336 816 gre
373 772 582 816 τοιοῦτον
620 765 717 816 οἷον
751 769 826 816 καὶ
859 765 947 817 1’τοὶ
981 772 1092 816 νῦν·
1082 807 1093 825 ,
1134 766 1426 832 στρατιώτης
1452 766 1590 821 αὐτος

79 849 354 917 ὑπάρχων’
328 872 422 900 απο
452 854 547 900 τῶν
573 850 726 900 αὐτῶν
756 848 934 900 τούτων
968 847 1261 913 ’λημμάτων,
1288 872 1451 915 ωσπερ
1487 852 1589 901 ἐστι

78 935 255 984 δίκαιον
296 932 410 999 ὑπὲρ
460 936 543 997 τῆς
591 933 830 999 πατρίδος.
872 932 975 983 ε”στι
1018 935 1087 986 τὶς
1136 933 1227 1001 ἔξω
1274 936 1356 996 τῆς
1406 934 1588 996 ἡλικίας
1606 959 1643 982 ιο

81 1014 263 1080 ιςὑμῶνς
302 1015 418 1067 1ὅσα
457 1016 590 1070 οὗτος
625 1016 835 1070 ἀτάκτως
865 1022 987 1066 ωνῦν
1022 1017 1283 1089 λαμβάνων
1314 1018 1396 1067 οὑκ
1431 1020 1586 1086 Πώφε-

77 1106 163 1161 λεῖ,
208 1102 333 1152 ταῦτ’
378 1102 426 1151 ἐν
469 1101 551 1168 ἰ’σῃ
590 1100 721 1169 τάξει
766 1101 1075 1164 Ολαμβανέτω
1117 1101 1253 1152 πάντ’
1292 1103 1476 1169 ἐφορῶν
1514 1105 1590 1154 καὶ

11 1187 261 1244 42διοικῶν
302 1182 333 1234 ἃ
371 1183 462 1250 χρὴ
501 1183 835 1250 Ρπράττεσθαι.
879 1184 1002 1237 ὅλως
1044 1184 1092 1235 δὲ
1126 1186 1218 1235 οὔτ’
1253 1185 1448 1253 ἀφελὼν
1486 1187 1591 1237 οὔτε

75 1269 315 1334 προσθεὶς,
352 1266 482 1331 πλὴν
523 1275 543 1302 q
555 1267 720 1333 μικρὸν
762 1267 847 1331 τὴν
887 1268 1086 1336 ἀταξίαν
1124 1268 1304 1319 ἀνελὼν
1345 1273 1406 1322 εἱς
1451 1268 1590 1338 τάξιν

75 1350 256 1416 ἤγαγον
294 1349 379 1413 τὴν
417 1349 559 1401 πόλιν
593 1349 678 1414 τὴν
710 1349 854 1414 αὐτὴν
891 1356 974 1401 τοῦ
1012 1356 1197 1410 λαβεῖν,
1230 1357 1313 1401 τοῦ
1352 1351 1582 1416 στρατεύ-
1603 1379 1639 1411 ¹5

75 1439 227 1498 εσθαι,
266 1440 348 1485 τοῦ
387 1434 596 1500 δικάζειν,
635 1441 718 1486 τοῦ
756 1440 903 1487 ποιεῖν
943 1437 1068 1486 τοῦθ’
1112 1435 1136 1486 ὅ
1178 1459 1222 1486 τι
1264 1437 1366 1486 καθ’
1403 1437 1588 1499 ἡλικίαν

75 1519 273 1572 ἕκαστος
311 1519 430 1586 Γε”χοι
467 1521 543 1571 καὶ
587 1519 696 1569 ὅτου
738 1518 897 1586 καιρὸς
942 1519 1022 1582 εἴη,
1067 1518 1205 1588 τάξιν
1249 1521 1466 1583 ποιήσας.
1507 1521 1589 1575 οὐκ

73 1603 204 1653 ε”στιν
231 1602 348 1654 ὅπου
387 1602 552 1666 8μηδὲν
590 1601 705 1668 ῗέγὼ
737 1608 926 1653 ποιοῦσι
964 1602 1022 1654 τά
1048 1608 1142 1654 τῶν
1168 1603 1493 1668 “ποιησόντων
1519 1603 1585 1656 εῖ-

72 1709 164 1738 πον
198 1688 260 1740 ὡς
299 1688 370 1737 δεῖ
404 1686 567 1750 νέμειν,
597 1687 690 1737 οὐδ’
720 1686 885 1740 αὐτοὺς
918 1687 1003 1751 μὲν
1039 1690 1197 1753 ἀργεῖν
1232 1691 1308 1738 καὶ
1333 1688 1587 1756 σχολάζειν
1600 1716 1640 1738 20

75 1772 150 1820 καὶ
177 1772 380 1836 ἀπορεῖν,
408 1769 479 1820 ὅτι
505 1770 552 1820 δὲ
579 1774 620 1820 οἱ
646 1775 728 1821 τοῦ
761 1774 906 1824 δεῖνος
932 1776 1097 1822 νικῶσι
1123 1771 1262 1840 ξένοι,
1292 1778 1440 1823 ταῦτα
1464 1796 1584 1824 πυν-

8 1867 59 1909 43
73 1852 316 1905 θάνεσθαι·
360 1860 508 1904 ταῦτα
551 1853 644 1920 γὰρ
689 1857 786 1905 νυνὶ
836 1856 1087 1921 Χγίγνεται.
1137 1859 1212 1906 καὶ
1255 1859 1357 1924 οὐχὶ
1403 1858 1588 1925 μέμφο-

71 1960 155 2001 μαι
187 1935 269 1988 τὸν
304 1937 529 1988 ποιοῦντά
561 1960 606 1988 τι
643 1942 738 1988 τῶν
774 1936 974 1990 δεόντων
1017 1937 1129 2005 ὑπὲρ
1163 1939 1333 2001 Ῡὺμῶν,
1359 1938 1491 1989 ἀλλά
1513 1942 1587 1991 καὶ

513 2055 529 2083 ὑ

125 2094 145 2123 b
174 2098 284 2145 ὑμῶν]
319 2066 411 2142 ἒμῶν
432 2099 473 2133 Β.
502 2102 594 2143 ημῶν
614 2100 652 2134 F.
684 2099 775 2142 ἡμῶν
797 2100 831 2134 S.
988 2104 1004 2124 0
1033 2098 1205 2144 ἁπάντων]
1235 2097 1291 2133 ἀπ’
1313 2099 1422 2132 αὐτῶν
1453 2100 1530 2133 S.F.
1552 2106 1588 2134 et

71 2204 219 2250 ὑπάρχοι
240 2206 438 2239 B.F.S.u.v.
469 2207 515 2241 (ῖς
542 2208 645 2239 τοῦτο
675 2205 807 2249 ἕτοιμος
836 2207 970 2251 ὑπάρχῃ
991 2206 1080 2239 AX.
1103 2212 1137 2239 et
1157 2210 1333 2239 correctus
1359 2218 1379 2239 a
1399 2219 1444 2240 m.
1467 2219 1586 2240 recen-

71 2257 207 2292 tissima
228 2259 262 2292 S.
283 2259 344 2305 qui
363 2271 444 2293 cum
463 2260 504 2293 A.
526 2259 684 2304 ὑπάρχοι.
715 2260 760 2294 εἷς
780 2260 872 2293 τοῦθ’
889 2260 1029 2303 ἑτοίμως
1048 2258 1220 2304 χρήσιμον
1240 2260 1358 2292 ἑαυτὸν
1376 2261 1520 2305 παρέχοι
1541 2260 1586 2295 O.

71 2350 107 2378 et
125 2359 180 2390 γρ.
201 2345 328 2380 B.F.u.
451 2342 466 2369 f
483 2341 517 2379 εἶ
532 2358 601 2379 om.
624 2345 707 2379 B.F.
730 2351 764 2379 et
786 2358 838 2391 pr.
864 2346 898 2380 S.
1028 2352 1048 2379 g
1067 2345 1116 2391 τι]
1142 2344 1182 2388 δή
1202 2360 1234 2379 τι
1255 2345 1298 2378 Y.
1426 2343 1446 2370 h
1465 2346 1523 2392 τὰ]
1546 2311 1587 2382 τὲ

71 2397 156 2433 B.F.
296 2396 301 2419 ἰ
331 2398 532 2444 λημμάτων]
556 2399 716 2442 λημάτων
734 2412 788 2445 pr.
812 2399 851 2432 F.
990 2395 1012 2425 k
1044 2398 1151 2444 ὑμῶν]
1177 2398 1268 2442 ἡμῶν
1288 2398 1584 2435 A.B.F.S.O.u.v.

70 2447 82 2475 Ῑ
101 2449 167 2485 ὅσα
187 2463 257 2486 om.
278 2464 310 2486 v.
331 2457 366 2486 et
386 2464 437 2497 pr.
460 2451 542 2486 O.u.
645 2458 675 2476 m
696 2455 754 2486 νῦν
773 2465 843 2487 om.
865 2452 908 2487 O.
930 2458 1011 2486 ante
1030 2452 1179 2486 ἀτάκτως
1198 2452 1298 2497 ponit
1318 2452 1361 2486 Y.
1455 2458 1474 2477 Π
1496 2454 1586 2498 ὠφε-

69 2504 139 2550 λεῖ]
163 2505 345 2550 ὠφελεῖται
366 2505 405 2539 F.
428 2506 514 2549 (non
536 2506 593 2549 B.)
617 2505 651 2539 S.
683 2506 812 2551 ὠφελεῖ
830 2518 952 2552 margo
974 2506 1008 2540 S.
1030 2519 1050 2539 a
1069 2518 1116 2540 m.
1137 2505 1388 2539 recentissima.
1459 2511 1477 2530 0
1498 2508 1585 2551 λαμ-

1492 2563 1528 2581 ΕΗ

67 2590 216 2638 βανέτω]
239 2593 423 2636 λαμβάνων
443 2593 569 2627 B.F.S.
599 2607 658 2638 γρ.
677 2594 878 2635 λαμβανέτω
900 2594 941 2628 Β.
1084 2601 1104 2630 Ρ
1123 2592 1351 2638 πράττεσθαι]
1375 2592 1586 2638 πράττεσθαι

71 2151 192 2185 addito
210 2166 266 2198 γρ.
287 2151 443 2186 ἁπάντων
465 2153 506 2187 Β.
575 2150 591 2174 d
607 2152 741 2199 κοινῶν]
765 2155 884 2187 καινῶν
900 2153 939 2186 F.
969 2154 1088 2186 καινῶν
1108 2155 1178 2198 (γρ,
1197 2154 1329 2195 κοινῶν)
1350 2153 1390 2186 Β.
1459 2158 1474 2177 e
1494 2152 1586 2187 τοῦθ’

0 2578 2 2650 ι
702 2645 743 2673 ὣν
947 2656 970 2674 ω

0 2694 1 2715 l

68 2686 108 2727 F,
127 2698 200 2720 non
221 2688 262 2721 B.
423 2695 443 2724 q
471 2687 606 2733 μικρὸν]
629 2703 746 2733 μικρον
765 2701 837 2723 u.v.
867 2690 985 2734 μικρὸν
1010 2689 1052 2723 Β.
1083 2691 1211 2732 μικρῶν
1229 2689 1271 2722 Α.
1294 2693 1328 2722 et
1347 2700 1367 2721 a
1386 2700 1433 2722 111.
1456 2700 1524 2723 sec.
1548 2689 1583 2724 S.

67 2745 104 2773 et
123 2752 175 2785 pr.
198 2739 242 2774 Ο.
397 2746 412 2765 1'
440 2741 530 2787 ἔχοι]
554 2742 624 2785 ἕχει
644 2741 781 2776 Α.Υ.Ο,
938 2749 952 2768 ⁵
972 2741 1092 2787 μηδὲν]
1114 2744 1186 2777 τοῖς
1204 2742 1307 2786 μηδὲν
1326 2741 1583 2778 A.B.Y.O.u.V.

68 2794 140 2828 τοῖς
158 2805 178 2827 a
196 2805 243 2827 m.
264 2793 408 2839 antiqua
426 2795 598 2828 insertum
615 2795 721 2828 habet
743 2795 777 2829 S.
925 2796 934 2816 ἵ
963 2795 1029 2840 ἐγὼ
1052 2797 1191 2829 ποιοῦσι
1212 2794 1462 2830 B.F.O.S.u.v.
1513 2795 1584 2830 Le-

70 2846 217 2892 gebatur
235 2849 395 2881 ποιοῦσιν
414 2848 493 2893 ἐγώ.
614 2854 634 2873 1¹
655 2848 884 2894 ποιησόντων]
908 2848 1096 2882 ποιούντων
1114 2848 1201 2882 A.Y.
1231 2850 1446 2891 ποιησόντων
1464 2848 1501 2882 in
1527 2861 1584 2883 ra-

70 2910 152 2933 sura
177 2900 284 2935 habet
314 2901 349 2935 S.
378 2901 476 2946 cujus
505 2901 547 2935 de
572 2901 685 2947 prima
717 2902 888 2947 scriptura
912 2908 1078 2948 quattuor
1107 2907 1246 2936 tantum
1274 2902 1384 2936 literae
1415 2908 1585 2948 apparent

71 2965 213 2996 ποιη-.
324 2959 341 2976 ¹
359 2954 526 3001 γίγνεται]
550 2953 678 3001 γίνεται
693 2955 735 2990 A.
766 2956 885 3000 γε’γονε
899 2956 940 2990 Y.
1051 2961 1067 2985 θ’
1087 2955 1194 3001 ὑμῶν]
1219 2955 1310 3000 ἡμῶν
1329 2956 1371 2989 Y.

788 3030 866 3058 Gz
