1882 3250
274 182 329 224 46
812 189 1240 228 ΔΗΜΟΣΘΕΝΟὙΣ
1478 188 1561 228 01³.
1588 188 1663 227 1v.
1686 203 1725 242 p.
1741 201 1809 240 41,
1863 171 1869 201 ³

270 296 356 363 ρὸν
381 299 490 360 οὔτ’,
518 296 574 349 ἂν
599 300 872 365 ὀλιγωρῆτε,
899 305 1108 351 τοιοῦτον
1133 299 1231 350 οἷον
1257 299 1314 350 ἂν
1339 301 1466 364 ὑμεῖς
1491 298 1781 363 ἱβούλοισθε,

270 384 622 446 παραδείγμασι
643 382 874 450 χρώμενοι
899 387 957 450 τῇ
984 382 1089 433 τότε
1113 382 1247 450 ῥώμῃ
1272 387 1366 433 τῶν
1389 384 1808 446 Λακεδαιμονίων,5

269 463 324 527 ἧς
361 466 590 531 ε’κρατεῖτε
623 467 672 516 ἐκ
709 471 793 516 τοῦ
830 467 1082 533 προσέχειν
1119 471 1215 519 τοῖς
1253 466 1505 532 πράγμασι
1536 465 1618 516 τὸν
1659 471 1782 528 νοῦν,

269 550 343 598 καὶ
369 553 427 615 τῇ
463 555 545 599 νῦν
571 550 700 615 ὕβρει
729 550 909 613 τούτου,
937 552 990 600 δι’
1019 549 1076 614 ἢν
1101 548 1425 615 ταραττόμεθα
1450 551 1500 600 ἐκ
1534 554 1617 599 τοῦ
1639 549 1782 613 μηδὲν

230 632 527 698 όφροντίζειν
553 631 617 683 ῶν
642 636 796 700 ἐχρῆν.
836 638 873 684 εὶ
908 635 963 684 δέ
989 657 1057 688 τις
1096 636 1238 697 ὑμῶν,
1266 631 1302 684 ῶ
1334 635 1498 700 ἄνδρες
1524 634 1780 697 Ἀθηναῖοι,

267 717 629 781 δυσπολέμητον
668 717 809 768 οἴεται
846 717 929 768 τὸν
964 719 1206 768 Φίλιππον
1241 715 1369 780 εἶναι,
1407 721 1603 768 σκοπῶν
1641 717 1695 768 τό
1729 739 1780 769 τε

264 801 448 862 πλῆθος
484 799 503 827 ¹³
519 803 602 864 τῆς
641 801 946 868 ὑπαρχούσης
973 803 1098 871 αὐτῷ
1124 802 1360 865 δυνάμεως
1386 804 1462 852 καὶ
1487 800 1566 852 1τὸ
1592 800 1651 852 τὰ
1675 824 1774 868 χω·
1792 829 1830 852 ιο

263 883 341 947 ρία
366 883 523 933 πάντα
549 885 849 935 ἀπολωλέναι
887 889 945 952 τῇ
982 883 1133 947 πόλει,
1161 886 1311 951 ὀρθῶς
1347 884 1432 948 μὲν
1458 885 1612 947 οἴεται,
1638 892 1774 951 λογι-

264 965 438 1017 σάσθω
463 966 621 1030 μέντοι
659 969 800 1030 τοῦθ’,
828 967 898 1018 ὅτι
937 968 1120 1035 εἴχομέν
1152 975 1313 1019 ιᾘποτε
1346 981 1368 1003 ¹¹
1385 969 1528 1032 ἡμεῖς,
1553 966 1590 1019 ῶ
1616 969 1780 1035 ἄνδρες

262 1050 518 1114 Ἀθηναῖοι,
547 1049 740 1102 Πύδναν
765 1053 842 1101 καὶ
869 1052 1129 1102 Ποτίδαιαν
1161 1054 1235 1102 καὶ
1263 1052 1499 1116 Μεθώνην
1524 1055 1599 1103 καὶ
1624 1052 1780 1104 πάντα

261 1131 345 1184 τὸν
388 1134 535 1185 τόπον
578 1140 745 1186 τοῦτον
785 1139 950 1186 οἰκεῖον
995 1135 1169 1205 κύκλῳ,
1212 1138 1288 1186 καὶ
1331 1135 1497 1187 πολλὰ
1541 1141 1635 1186 τῶν
1677 1138 1775 1200 μετ’
1792 1159 1854 1198 ¹5

261 1218 432 1269 ἐκείνου
453 1224 534 1270 νῦν
554 1218 702 1270 ὅντων
722 1220 868 1270 ἐθνῶν
891 1219 1268 1283 αὐτονομούμενα
1295 1222 1369 1270 καὶ
1389 1219 1610 1286 ἐλεύθερα
1632 1222 1780 1287 ὑπῆρ-
1850 1217 1855 1227 ’

259 1323 315 1367 χε
354 1304 429 1351 καὶ
466 1306 658 1365 μᾶλλον
697 1303 841 1367 οἡμῖν
875 1302 1083 1364 ἐβούλετ’
1117 1304 1275 1371 Ρὲχειν
1315 1305 1489 1359 οἰκείως
1524 1303 1588 1369 qi)
1615 1306 1777 1375 ’κείνῳ

223 1388 298 1447 7εἱ
324 1385 479 1436 τοίνυν
505 1387 530 1436 ὁ
557 1388 799 1440 Φίλιππος
837 1386 972 1438 Γτότε
1010 1387 1184 1451 ταύτην
1217 1388 1329 1455 ε”σχε
1363 1388 1449 1452 τὴν
1480 1389 1688 1454 γνώμην,
1715 1391 1778 1444 ὡς

259 1468 473 1535 χαλεπὸν
522 1475 746 1534 πολεμεῖν
800 1472 958 1521 5ἐστὶν
1001 1472 1271 1536 Ἀθηναίοις
1322 1472 1485 1540 ε”χουσι
1535 1473 1777 1524 ἵτοσαῦτα

258 1554 615 1621 ἐπιτειχίσματα
657 1558 740 1620 τῆς
781 1557 922 1607 αὑτοῦ
965 1556 1122 1623 χώρας
1162 1557 1378 1623 ι1εἵοημον
1422 1556 1536 1608 ὄντα
1576 1557 1768 1622 συμμά-
1785 1582 1825 1605 20

257 1659 370 1704 χων,
397 1638 529 1690 οὐδὲν
560 1639 617 1689 ἂν
647 1638 711 1690 ῶν
740 1642 838 1691 νυνὶ
870 1641 1121 1703 πεποίηκεν
1156 1640 1371 1709 ἔπραξεν,
1399 1640 1503 1692 οὐδὲ
1536 1641 1776 1706 τοσαύτην

257 1729 279 1748 x
295 1721 526 1787 ἐκτήσατο
549 1722 755 1787 δύναμιν.
793 1726 904 1775 ἀλλ’
929 1731 948 1759 5
965 1722 1094 1787 εἶδεν,
1115 1723 1151 1774 ῶ
1177 1725 1339 1791 ἄνδρες
1358 1727 1615 1790 Ἀθηναῖοι,
1635 1731 1774 1778 τοῦτο

258 1811 415 1860 καλῶς
454 1808 633 1870 ἐκεῖνος,
674 1807 744 1858 ὅτι
782 1814 929 1859 ταῦτα
967 1808 1053 1871 μέν
1091 1810 1222 1859 ἐστιν
1263 1807 1449 1860 ἅπαντα
1492 1809 1587 1860 Ζτοὶ
1623 1810 1774 1877 χωρία

256 1888 384 1941 ἆθλα
422 1897 505 1942 τοῦ
547 1892 759 1955 πολέμου
799 1893 983 1954 κείμενα
1028 1895 1075 1943 ἐν
1112 1893 1257 1963 μέσῳ,
1305 1893 1449 1962 φύσει
1494 1895 1531 1944 δ’
1574 1892 1771 1961 ὑπάρχει
1784 1920 1823 1954 25
1879 1934 1882 1937 ⁴

255 1979 352 2028 τοῖς
387 1981 596 2042 παροῦσι
627 1975 687 2027 τὰ
712 1981 807 2027 τῶν
837 1976 1089 2027 ἃάπόντων
1124 1980 1199 2027 καὶ
1229 1983 1321 2030 τοῖς
1359 1977 1575 2028 ἐθέλουσι
1613 1983 1773 2029 πονεῖν

218 2061 333 2111 8καῖ
365 2060 640 2111 κινδυνεύειν
669 2059 729 2111 τὰ
759 2065 854 2112 τῶν
888 2060 1204 2125 ἀμελούντων.
1248 2063 1322 2112 καὶ
1350 2060 1442 2128 γάρ
1481 2060 1587 2112 ἱ’τοι
1626 2061 1773 2130 ταύτῃ

255 2142 554 2210 χρησάμενος
604 2153 662 2213 τῇ
711 2144 876 2213 γνώμῃ
933 2144 1089 2197 πάντα
1139 2146 1487 2212 κατέστραπται
1538 2148 1614 2196 καὶ
1665 2146 1772 2214 ἔχει,

255 2226 315 2276 τὰ
351 2226 436 2291 μὲν
475 2231 535 2283 ὡς
574 2228 631 2279 ἂν
670 2229 792 2279 ἑλών
830 2252 899 2284 τις
936 2229 1032 2297 ἔχοι
1069 2229 1309 2299 ὓπολεᾷιῳ,
1352 2229 1412 2280 τὰ
1451 2228 1501 2280 δὲ
1537 2229 1772 2298 σύμμαχα

255 2313 332 2362 καὶ
370 2313 492 2380 φίλα
531 2313 864 2377 ποιησάμενος·
907 2315 983 2364 καὶ
1026 2313 1118 2379 γὰρ
1160 2318 1428 2380 συμμαχεῖν
1469 2316 1545 2363 καὶ
1588 2314 1766 2381 προσέ-
1781 2329 1824 2368 4:

253 2417 353 2462 χειν
389 2394 473 2447 τὸν
511 2402 620 2447 νοῦν
657 2397 836 2451 τούτοις
874 2396 1120 2447 ἐθέλουσιν
1162 2394 1376 2459 ἅπαντες,
1413 2396 1491 2450 οὓς
1525 2395 1584 2448 ἂν
1623 2399 1772 2464 ὁρῶσι

307 2506 317 2534 i
337 2508 527 2550 βούλοισθε
546 2510 731 2545 Dobraeus.
764 2511 964 2557 Legebatur
983 2509 1175 2554 βούλησθε.
1297 2508 1318 2535 k
1337 2511 1414 2557 τῆς]
1440 2513 1499 2554 τῆς
1519 2513 1577 2545 νῦν
1597 2511 1770 2547 Y.O.u.v.
1824 2497 1830 2529 f

254 2565 313 2597 νῦν
332 2575 502 2609 Superser.
526 2564 568 2598 Β.
703 2563 709 2585 ¹
729 2565 788 2610 τὸ]
813 2567 860 2597 τῶ
882 2565 924 2599 Β.
951 2567 1011 2598 τῶι
1032 2565 1071 2598 F.
1096 2570 1130 2598 et
1149 2576 1219 2598 rec.
1243 2564 1279 2598 S.
1415 2571 1446 2589 m
1465 2565 1565 2611 ποτε]
1586 2567 1665 2599 τότε
1685 2565 1768 2600 O.v.
1822 2535 1829 2650 ι

253 2621 274 2641 ¹²
294 2616 387 2661 ἡμεῖς
407 2629 578 2663 superscr.
601 2618 644 2651 B.
747 2623 766 2642 0
782 2617 876 2662 ἡμῖν]
897 2618 974 2661 ὑμῖν
992 2618 1218 2652 A.B.F.S.Y.
1322 2623 1340 2650 Ρ
1361 2618 1450 2662 ἔχειν
1470 2618 1616 2664 οἰκείως]
1641 2619 1769 2655 οἰκείως

252 2670 344 2715 ’ἔχειν
359 2670 402 2704 Y.
515 2678 535 2707 q
559 2670 577 2714 ἢ
597 2670 722 2718 ’κεῖνῳ]
749 2671 973 2705 scribebatur
993 2670 1011 2714 ἢ
1033 2671 1157 2719 ἐκείνῳ.
1188 2670 1318 2715 ἦκεὶνωι
1340 2671 1375 2704 S.
1397 2671 1453 2706 hic
1473 2677 1507 2706 et
1527 2672 1619 2713 alibi,
1640 2672 1770 2707 omissa
1820 2652 1827 2743 Ι

252 2729 454 2758 constanter
473 2724 649 2759 coronide.
806 2732 821 2751 ¹·
839 2725 918 2758 τότε
938 2736 1009 2759 om.
1031 2725 1073 2758 Y.
1221 2732 1234 2751 ς
1255 2725 1350 2759 ἐστὶν
1368 2723 1573 2771 Ἀθηναίοις]
1599 2725 1770 2769 ἀθηναίοις

251 2777 347 2811 ἐστὶν
365 2777 454 2812 A.Y.
594 2781 604 2801 t
624 2780 778 2812 τοσαῦτα
797 2779 832 2813 S.
861 2780 1002 2812 τοιαῦτα
1021 2779 1140 2824 vulgo,
1278 2784 1299 2803 u
1318 2779 1442 2823 ἔρημον
1461 2778 1558 2825 ὅντα]
1583 2779 1704 2824 ἕρημος
1723 2777 1769 2812 ὦν
1818 2748 1826 2872 Ι

251 2829 344 2865 Y.O.
375 2832 497 2876 ἔρημος
512 2828 557 2866 ὧν
575 2831 654 2866 τότε
673 2838 849 2867 correctus
871 2832 906 2867 S.
982 2837 1000 2854 x
1020 2831 1203 2878 ἐκτήσατο]
1228 2830 1383 2875 ἐκτήσατ’
1401 2829 1442 2866 ἂν
1461 2831 1551 2866 A.Y.
1623 2835 1638 2859 y
1658 2828 1763 2878 εἶδεν]
1832 2827 1833 2830 ¹

251 2880 342 2917 οἶδεν
361 2885 533 2920 Y.O.u.v.
685 2891 703 2910 Ζ
722 2887 765 2919 τὰ
783 2898 854 2921 om.
876 2885 919 2920 Y.
1061 2891 1081 2910 a
1099 2885 1271 2931 ἀπόντων]
1293 2884 1448 2919 ἀπόντων
1465 2886 1647 2931 πράγματα
1665 2885 1709 2920 Y.
1732 2890 1769 2920 et

250 2948 318 2970 ree.
337 2936 380 2972 Ο.
522 2936 537 2959 b
557 2953 610 2972 τοι
629 2938 753 2985 ταύτῃ]
776 2938 914 2982 τοιαύτῃ
936 2938 1075 2974 B.F.O.
1214 2945 1231 2965 c
1250 2937 1406 2985 πολέμῳ]
1430 2953 1485 2985 γρ.
1505 2939 1658 2983 πολέμου
1677 2939 1769 2986 νόμῳ
1814 2873 1821 3021 1
1838 2975 1839 2978 ¹

1814 3031 1819 3047 Ι

1810 3130 1816 3250 Ξ

1818 3233 1826 3250 Ι
