1930 3266
262 175 347 215 318
808 173 1236 213 ΔΗΜΟΣΘΕΝΟὙΣ
1319 170 1401 210 On.
1427 169 1610 209 XVIII.
1633 183 1676 224 p.
1695 182 1791 223 303,
1812 109 1930 269 ¹⁴1²

958 283 978 310 k

267 289 433 354 χερσὶν
466 286 670 337 ἱἕκαστα
709 285 926 353 ἐχόντων,
995 284 1165 335 πάντες
1200 282 1428 347 ἐγίγνοντ’
1457 281 1515 331 ἂν
1550 285 1592 331 οἱ
1627 279 1780 347 λόγοι.

269 371 428 437 διόπερ
472 370 579 424 τοὺς
628 371 735 437 παρ’
781 368 898 420 αὐτὰ
951 368 1010 418 τὰ
1060 366 1296 432 πράγματ’
1344 366 1566 433 ἐλέγχους
1617 365 1784 434 φυγὼν
1804 389 1835 419 ¹5

268 453 278 480 1

287 460 368 505 νῦν
394 454 504 518 ἥκει,
531 454 741 520 ῥητόρων
768 455 928 517 ἀγῶνα
962 451 1170 516 νομίζων,
1199 448 1259 502 ὥς
1285 455 1363 514 Π“γ’
1393 451 1520 512 “ε’μοὶ
1548 451 1683 512 δοκεῖ,
1710 451 1785 500 καὶ

269 539 371 604 οὐχὶ
415 542 509 588 τῶν
553 534 958 598 πεπολιτευμένων
997 534 1213 601 ἐξέτασιν
1253 531 1468 595 ποιήσειν
1507 535 1669 596 Οὑμᾶς,
1711 535 1786 583 καὶ

268 621 444 686 Ρλόγου
470 622 638 687 κρίσιν,
666 619 797 684 (Ῑοὺχὶ
823 623 906 668 τοῦ
934 621 991 684 τῇ
1017 617 1153 667 πόλει
1181 617 1507 684 συμφέροντος
1534 617 1744 667 ἔσεσθαι.

174 710 256 749 286
344 702 463 754 Εἶτα
501 703 756 770 σοφίζεται,
792 703 866 751 καὶ
907 703 1030 767 φησὶ
1064 699 1360 766 Γπροσήκειν,
1395 700 1450 764 ἧς
1488 700 1572 763 μὲν
1607 700 1785 751 οἴκοθεν
1800 725 1840 746 20

269 789 392 852 ἥκετ’
421 788 603 854 ἔχοντες
636 785 776 853 δόξης
813 787 916 850 περὶ
953 786 1085 848 ἡμῶν
1121 786 1373 847 ἀμελῆσαι,
1401 783 1564 850 ὥσπερ
1591 787 1647 846 δ’,
1674 784 1787 835 ὅταν

270 869 467 932 οἰόμενοι
504 873 725 934 περιεῖναι
762 866 983 933 χρήματά
1020 889 1085 935 τερ
1123 866 1419 932 Βλογίζησθε,
1448 866 1527 916 ῑᾶν
1560 869 1788 932 11καθαραὶ

269 950 388 1003 ὦσιν
425 955 471 1002 αἱ
510 955 670 1019 ψῆφοι
715 953 791 1000 καὶ
836 949 978 1013 μηδὲν
1016 953 1165 1017 περιῇ,
1205 954 1509 1016 συγχωρεῖτε,
1548 951 1668 1000 οὕτω
1713 952 1787 1000 καὶ

176 1044 254 1095 287
272 1042 353 1086 νῦν
374 1040 468 1088 τοῖς
491 1038 540 1086 ἐκ
566 1040 649 1086 τοῦ
676 1033 825 1099 λόγου
848 1034 1141 1101 φαινομένοις
1162 1033 1504 1098 Χπροσθέσθαι.
1546 1032 1788 1084 θεάσασθε

271 1121 426 1171 τοίνυν
453 1122 514 1173 ὡς
540 1118 737 1184 σαθρὸν,
764 1121 825 1171 ὡς
860 1118 1015 1179 ἔοικεν,
1043 1117 1146 1167 ἔστι
1173 1117 1316 1184 φύσει
1349 1122 1445 1168 πᾶν
1472 1117 1496 1167 ὅ
1529 1140 1573 1167 τι
1604 1115 1690 1167 Υᾶν
1723 1117 1787 1181 μὴ
1803 1144 1839 1175 25

273 1203 455 1255 δικαίως
488 1199 517 1269 ᾗ
551 1200 896 1267 πεπραγμένον.
950 1201 1000 1249 ἐκ
1026 1199 1118 1265 γὰρ
1144 1201 1285 1250 αὑτοῦ
1312 1206 1395 1250 τοῦ
1429 1204 1588 1268 σοφοῦ
1623 1200 1790 1251 τούτου

271 1286 648 1352 παραδείγματος
675 1284 952 1350 ὡμολόγηκε
978 1291 995 1309 ²
1011 1289 1092 1334 νῦν
1119 1285 1160 1347 γ’
1189 1285 1333 1346 ἃὺμᾶς
1361 1283 1585 1350 ὑπάρχειν
1610 1285 1790 1349 ἐγνωσ-

272 1370 435 1434 μένους
474 1368 551 1432 ἐμὲ
589 1368 673 1433 μὲν
712 1368 867 1433 λέγειν
900 1367 1014 1433 ὑπὲρ
1049 1371 1131 1431 τῆς
1169 1369 1407 1433 πατρίδος,
1434 1368 1575 1418 αὐτὸν
1607 1371 1648 1418 δ’
1678 1369 1791 1434 ὑπὲρ

275 1455 531 1506 Φιλίππου·
573 1454 625 1503 οὐ
659 1451 749 1518 γὰρ
783 1451 840 1502 ἂν
873 1453 1164 1515 μεταπείθειν
1204 1453 1321 1514 ὑμᾶς
1358 1451 1499 1517 ἐζήτει
1537 1451 1602 1515 μὴ
1638 1451 1791 1502 τοιαύ-
1804 1473 1909 1516 304

274 1561 358 1601 της
401 1539 546 1601 οὔσης
590 1539 672 1600 τῆς
717 1535 1022 1602 ὑπαρχούσης
1073 1534 1359 1602 ὑπολήψεως
1404 1538 1510 1601 περὶ
1556 1535 1785 1601 ἑκατέρου.
1902 1518 1907 1535 ⁸

180 1630 260 1669 288
276 1624 352 1672 καὶ
387 1621 479 1684 μὴν
513 1621 583 1671 ὅτι
617 1619 697 1686 ἲ)γε
731 1621 783 1670 οὐ
819 1621 970 1670 δίκαια
1008 1619 1134 1685 λέγει
1172 1620 1459 1682 μεταθέσθαι
1497 1619 1671 1683 ταύτην
1707 1618 1792 1683 τὴν

276 1704 421 1774 δόξαν
446 1705 631 1773 οοἰξιῶν,
659 1703 750 1769 ἐγὼ
786 1702 960 1771 διδάξω
995 1703 1178 1771 ῥᾳδίως,
1214 1703 1267 1751 οὐ
1306 1703 1445 1754 τιθεὶς
1479 1700 1676 1769 ψήφους
1718 1702 1793 1764 (οὐ

274 1788 367 1855 γάρ
417 1790 547 1839 ἐστιν
600 1789 624 1838 ὁ
676 1792 769 1838 τῶν
824 1786 1118 1853 πραγμάτων
1169 1786 1303 1839 οὗτος
1356 1786 1629 1853 λογισμός),
1680 1787 1822 1837 ἀλλ’5

275 1871 643 1936 ἀναμιμνήσκων
694 1872 873 1921 ἕκαστα
923 1872 971 1920 ἐν
1015 1871 1234 1936 βραχέσι,
1278 1875 1526 1935 λογισταῖς
1571 1868 1667 1932 ἅμα
1718 1872 1795 1920 καὶ

275 1956 483 2022 μάρτυσι
509 1954 640 2009 dreis
676 1954 927 2005 ἀκούουσιν
964 1956 1069 2018 ὑμῖν
1101 1956 1355 2021 χρώμενος.
1412 1954 1439 2017 ἡ
1466 1953 1559 2020 γὰρ
1585 1952 1670 2018 ἐμὴ
1701 1976 1790 2004 πο-

276 2041 439 2102 λιτεία,
469 2040 523 2104 ἧς
556 2039 690 2093 οὗτος
724 2044 985 2104 κατηγορεῖ,
1020 2040 1121 2088 ἀντὶ
1160 2036 1244 2101 μὲν
1279 2044 1362 2088 τοῦ
1398 2038 1640 2101 Θηβαίους
1677 2036 1796 2100 μετὰ

278 2125 523 2176 Φιλίππου
554 2127 896 2186 εἔσυνεμβαλεῖν
931 2126 992 2175 εἰς
1027 2121 1112 2186 τὴν
1146 2121 1319 2188 χώραν,
1353 2120 1378 2171 ὃ
1413 2120 1584 2175 πάντες
1614 2119 1792 2190 ἰῷοντο,

276 2211 375 2273 μεθ’
417 2210 584 2272 ἕὴμῶν
622 2206 642 2233 ¹¹
658 2207 1076 2275 παραταξαμένους
1114 2208 1284 2257 ἐκεῖνον
1324 2205 1521 2256 κωλύειν
1560 2205 1792 2269 ἐποίησεν,
1811 2235 1847 2256 ιο

333 2390 342 2417 i
363 2392 489 2426 ἕκαστα
509 2391 670 2437 ἐχόντων]
695 2391 842 2435 ἐχόντων
863 2391 987 2425 ἕκαστα
1006 2404 1040 2425 u.
1146 2388 1165 2415 k
1186 2391 1309 2426 πάντες
1329 2402 1399 2425 om.
1423 2403 1448 2424 s.
1551 2386 1561 2414 Ῑ
1582 2388 1657 2434 νῦν]
1683 2388 1795 2434 Lege-

278 2447 382 2481 batur
402 2448 460 2480 νῦν
480 2445 635 2491 ὕστερον.
668 2443 813 2490 ὕστερον
833 2457 904 2480 om.
926 2445 1050 2479 A.S.k.
1072 2445 1107 2478 in
1126 2459 1180 2490 γρ.
1202 2444 1308 2478 habet
1328 2456 1354 2477 S.
1493 2448 1522 2467 ¹¹¹
1543 2441 1575 2488 γ’
1596 2454 1666 2476 om.
1685 2442 1795 2475 A.k.s.

281 2506 300 2524 ¹1
320 2499 411 2545 ἐμοὶ]
435 2514 493 2543 μοι
514 2499 700 2544 O.k.p.t.u.
770 2504 787 2522 0
808 2498 893 2542 ὑμᾶς
912 2499 1062 2533 A.S.k.s.
1093 2499 1177 2542 ὑμᾶς
1197 2497 1448 2540 ὑπολαμβάνων
1462 2497 1580 2542 vulgo.
1651 2501 1671 2528 P
1690 2496 1797 2541 λόγου

280 2569 597 2614 A.F.S.Y.k.p.r.s.
640 2561 756 2613 Myfflz
778 2569 830 2602 καὶ
851 2568 895 2602 Ο.
940 2569 1046 2612 λόγον
1072 2568 1124 2601 καὶ
1148 2579 1218 2601 ΠΝ.
1262 2568 1375 2612 λόγων
1401 2566 1453 2600 καὶ
1479 2571 1505 2600 t.
1549 2566 1661 2610 λόγων
1679 2564 1796 2609 vulgo.

281 2629 299 2656 q
321 2623 398 2667 οὐχὶ
420 2622 454 2656 S.
495 2621 718 2655 Scribebatur
739 2621 790 2655 οὐ.
931 2627 946 2645 l‘
967 2620 1167 2667 προσήκειν]
1193 2621 1365 2665 προσῆκεν
1384 2632 1418 2665 p.
1558 2623 1572 2643 S
1591 2616 1793 2663 λογίζησθε]

279 2675 462 2722 λογίζεσθε
482 2675 563 2710 Y.k.
711 2673 724 2699 ῑ
743 2673 800 2721 ἂν]
825 2672 884 2708 κᾶν
906 2675 1136 2720 F.Q.p.r.u.v.
1271 2679 1292 2698 U
1312 2673 1449 2719 καθαραὶ
1471 2668 1571 2717 ὦσιν]
1595 2671 1799 2716 καθαιρωσιν

282 2741 333 2774 pr.
357 2729 391 2763 S.
475 2734 495 2753 Χ
515 2727 747 2774 προσθέσθαι]
773 2728 972 2774 πρόσθεσθε
992 2729 1068 2762 A.s.
1168 2733 1186 2760 Y
1206 2724 1246 2760 ἂν
1265 2727 1326 2772 μὴ]
1352 2726 1396 2770 μὴ
1417 2723 1457 2760 ἂν
1476 2738 1502 2759 s.
1589 2730 1606 2749 Ζ
1628 2725 1686 2758 νῦν
1705 2722 1737 2768 γ’
1759 2723 1796 2757 S.

283 2785 340 2816 νῦν
360 2782 442 2817 O.u.
464 2794 535 2816 om.
557 2782 702 2816 A.k.r.s.
743 2782 943 2827 Legebatur
963 2782 1046 2816 νυνί.
1153 2786 1172 2805 a
1192 2780 1293 2825 ὑμᾶς]
1318 2779 1403 2823 ἡμᾶς
1425 2779 1461 2813 S.
1566 2774 1584 2802 b
1603 2777 1659 2823 γε]
1685 2776 1742 2822 ὅγε
1762 2789 1797 2822 p.

283 2841 299 2860 ⁰
319 2835 421 2880 ἀξιῶν
440 2835 592 2869 A.S.k.S.
633 2835 832 2880 Legebatur
851 2834 952 2879 ἀξιῶν
973 2835 1069 2878 ὑμᾶς.
1262 2829 1281 2857 (l
1300 2835 1371 2867 τοῖς
1390 2830 1574 2866 ἀκούουσιν
1593 2843 1662 2865 om.
1683 2830 1795 2864 A.k.s.

284 2894 300 2912 e
321 2888 564 2934 συνεμβαλεῖν]
591 2890 834 2930 συνεισβαλεῖν
853 2889 994 2922 A.k.1·.s.
1123 2883 1138 2911 f
1154 2885 1260 2934 ᾤοντο
1280 2886 1431 2920 A.S.ks.
1473 2885 1671 2931 Legebatur
1691 2881 1796 2930 ᾠόντο

283 2942 436 2976 ἔσεσθαι.
504 2947 525 2975 g
545 2941 653 2987 ἡμῶν]
681 2941 772 2985 ὑμῶν
791 2953 817 2975 r.
889 2940 902 2962 ὴ
923 2939 1238 2985 παραταξαμένους]
1262 2937 1631 2984 συμπαραταξαμένους
1650 2937 1795 2971 A.k.r.s.
