1903 3271
10 215 45 220 -
47 204 72 244 3
76 204 100 244 5
105 204 144 244 5,
166 208 212 234 19.
491 196 615 240 ΠΕΡΙ
645 197 756 234 ΤΗΣ
790 197 1248 236 [ΙΑΡΑΠΡΕΣΒΕΙΑΣ.
1537 196 1617 237 371

46 311 100 360 48
114 305 315 355 σθέσθαι
349 305 620 366 κεκώλυται,
645 306 714 359 τίς
738 312 759 331 ¹¹
776 307 801 355 ὁ
827 305 1100 370 ἐκλαλήσας
1121 328 1133 367 ;
1181 307 1267 372 οὐχ
1298 305 1431 358 οὗτος
1453 327 1465 366 ;
1508 308 1616 356 ἀλλ’

111 390 202 439 οὔτ’
243 388 483 451 Χῆμελλεν
521 390 615 439 οὔτ’
651 388 897 453 ἠβουλήθη
929 392 1053 446 ταῦτ’
1082 391 1200 440 Υούδ’
1228 388 1434 451 ἤλπισεν
1472 388 1618 450 οὗτος,

109 469 232 521 ὥστε
282 476 365 521 τοῦ
417 472 460 535 γ’
505 472 869 534 ἐκλελαληκέναι
917 475 1024 535 μηδ’
1069 472 1220 522 αἰτίαν
1269 470 1425 537 ἐχέτω·
1487 469 1619 520 ἀλλὰ
1630 490 1669 520 25

109 556 448 620 φενακισθῆναι
492 559 587 607 τοῖς
626 553 788 619 λόγοις
829 554 1040 607 Ζτούτοις
1081 556 1198 617 ὑμᾶς
1242 553 1344 615 ἔδει,
1385 555 1461 603 καὶ
1507 555 1617 615 ἐμοῦ

107 639 291 701 τάληθῆ
330 636 421 700 8μὴ
460 639 683 700 ἐθελῆσαι
721 637 960 699 ῧάκοῦσαι,
999 640 1098 687 οκαὶ
1142 635 1308 690 αὐτοὺς
1347 636 1461 686 οἴκοι
1500 634 1613 686 ἀκα-

106 725 326 784 ταμεῖναι,
365 723 440 771 καὶ
482 720 720 789 ψήφισμα
765 725 952 785 νικῆσαι
980 726 1203 782 ,θτοιοῦτο
1245 721 1299 769 δι’
1340 720 1395 769 οὗ
1440 723 1616 772 Φωκεῖς

105 806 405 855 ἀπολοῦνται.
470 803 544 854 διὰ
590 806 714 855 ταῦτ’
755 806 997 855 ἐσπαθᾶτο
1047 810 1194 854 ταῦτα
1244 804 1318 853 καὶ
1365 802 1441 853 διὰ
1484 807 1614 853 ταῦτ’
1627 822 1651 862 3
1656 818 1710 862 55

105 886 470 952 ῗέδημηγορεῖτο.

36 984 91 1023 49
176 971 388 1021 Ἀκούων
425 971 579 1021 τοίνυν
618 970 746 1036 ἕέγὼ
786 970 1076 1035 ὴτηλικαῦτα
1122 972 1196 1020 καὶ
1239 975 1429 1019 τοιαῦτα
1469 971 1614 1032 ἐπαγ-

102 1055 392 1119 γελλομένου
429 1054 634 1116 ἰτούτου,
674 1057 750 1105 καὶ
788 1057 992 1120 ἀκριβῶς
1030 1053 1158 1107 εἰδὼς
1198 1054 1267 1104 ὅτι
1305 1053 1614 1121 ψεύδεται,-

101 1140 176 1188 καὶ
220 1138 338 1199 ὅθεν,
378 1138 553 1206 φράσω
596 1137 714 1204 πρὸς
758 1139 887 1200 ὑμᾶς,
929 1142 1118 1203 πρῶτον
1166 1136 1250 1200 μὲν
1294 1138 1343 1186 ἐκ
1393 1141 1489 1197 τοῦ,
1538 1137 1612 1186 ὅτε

100 1220 208 1274 τοὺς
251 1221 414 1286 ὅρκους
456 1222 634 1285 ἤμελλε
680 1222 918 1274 Φίλιππος
963 1221 1155 1283 ὀμνύναι
1197 1218 1340 1272 ι(τοὺς
1380 1221 1485 1284 περὶ
1529 1222 1640 1282 τῆς5

100 1303 294 1371 εἰρήνης,
325 1303 611 1358 ἐκσπόνδους
647 1307 977 1372 ἀποφανθῆναι
1014 1303 1122 1357 τοὺς
1158 1303 1348 1355 Φωκέας
1383 1303 1472 1352 ὑπὸ
1507 1302 1612 1352 τού-

97 1410 205 1450 των,
233 1387 257 1438 ὃ
282 1393 470 1439 σιωπᾶν
501 1392 576 1438 καὶ
612 1390 691 1438 ἐᾶν
722 1387 840 1440 εἰκὸς
866 1387 935 1451 ἦν,
964 1387 1089 1452 εἴπερ
1116 1386 1328 1450 ἤμελλον
1354 1384 1609 1450 σώζεσθαι·

97 1471 253 1522 ἔπειτα
289 1472 339 1521 ἐκ
377 1476 459 1521 τοῦ
499 1470 506 1497 ¹
523 1471 588 1535 μὴ
626 1470 734 1524 τοὺς
771 1469 901 1536 παρὰ
938 1475 1067 1519 ΥΠτοῦ
1106 1470 1349 1519 Φιλίππου
1387 1469 1612 1533 πρέσβεις

95 1559 241 1604 ταῦτα
276 1555 430 1619 λέγειν
468 1554 583 1618 μηδὲ
621 1553 707 1618 τὴν
741 1552 1000 1616 ἐπιστολὴν
1037 1551 1152 1615 ητὴν
1187 1551 1446 1608 Φιλίππου,
1481 1549 1666 1600 ἀλλὰιο

29 1659 85 1700 50
97 1643 273 1689 τοῦτον.
322 1640 372 1688 ἐκ
407 1638 584 1688 τούτων
618 1639 699 1688 οὖν
732 1637 1102 1702 τεκμαιρόμενος,
1130 1635 1340 1689 ἀναστὰς
1374 1637 1448 1684 καὶ
1481 1657 1605 1700 παρ-

97 1720 249 1770 ελθὼν
299 1721 558 1786 ἐπειρώμην
609 1721 727 1783 ομὲν
777 1720 1050 1785 ἀντιλέγειν,
1098 1722 1160 1773 ὡς
1211 1720 1248 1768 δ’
1296 1719 1477 1768 ἀκούειν
1527 1719 1610 1768 οὐκ

96 1805 296 1867 ἠθέλετε,
324 1805 526 1871 ἡσυχίαν
559 1805 718 1872 ἔσχον,
745 1812 764 1839 p
773 1810 975 1854 τοσοῦτο
1008 1802 1154 1867 μόνον
1184 1800 1610 1867 διαμαρτυράμενος

98 1889 193 1950 (καὶ
224 1888 342 1954 πρὸς
369 1888 485 1941 Διὸς
512 1891 587 1938 καὶ
620 1892 738 1939 θεῶν
765 1887 1198 1953 ἀναμιμνήσκεσθε)
1229 1885 1298 1935 ὅτι
1331 1891 1478 1935 ταῦτα
1513 1886 1605 1935 οὔτ’

93 1969 194 2021 οἶδα
239 1973 342 2021 οὕτε
381 1976 635 2033 Ἶκοινωνῶ,
676 1971 948 2036 προσέθηκα
992 1969 1041 2019 δὲ
1082 1972 1143 2022 ὡς
1186 1968 1290 2018 οὐδὲ
1332 1971 1602 2031 προσδοκῶ.
1625 1993 1658 2022 15

93 2054 297 2121 τραχέως
342 2055 380 2103 δ’
424 2056 553 2117 ὑμῶν
597 2058 694 2122 Γτῷ
744 2052 859 2117 μηδὲ
905 2056 1180 2119 προσδοκᾶν
1225 2051 1487 2117 Ξσχόντων,
1532 2053 1607 2101 καὶ

93 2137 217 2190 ὅπως
242 2160 311 2203 γε,
337 2135 374 2187 (ἶ)
400 2138 563 2203 ἄνδρες
591 2141 847 2200 Ἀθηναῖοι,
876 2137 1011 2204 ἔφην,
1041 2136 1098 2185 ἄν
1129 2158 1174 2185 τι
1206 2134 1384 2185 τούτων
1410 2135 1599 2198 ἵγίγνη-

91 2244 179 2283 ται,
205 2220 395 2274 τούτους
426 2221 539 2284 “μὲν
571 2222 902 2272 Χέπαινέσεσθε
938 2224 1013 2270 καὶ
1047 2220 1266 2283 τιμήσετε
1305 2221 1379 2268 καὶ
1415 2223 1599 2285 στεφα-

91 2304 278 2367 νώσετε,
303 2304 381 2367 ἐμὲ
408 2304 455 2355 δὲ
481 2304 557 2368 μή·
599 2306 675 2354 καὶ
707 2304 865 2367 μέντοι
891 2305 977 2354 κᾶν
1004 2327 1047 2353 τι
1073 2308 1167 2353 τῶν
1193 2302 1451 2364 Υέναντίων,
1479 2302 1605 2355 ὅπως

146 2460 163 2478 ¹¹
184 2456 202 2487 ὁ
222 2454 430 2499 ἐκλαλήσας]
454 2453 671 2496 οὑκλαλήσας
691 2466 720 2488 s.
860 2458 878 2476 x
899 2451 1062 2496 ἤμελλεν]
1086 2453 1234 2495 ἤμελλον
1253 2453 1358 2485 A.r.s.
1495 2458 1512 2484 Υ
1533 2451 1602 2484 οὐδ’

92 2507 283 2541 Bekkerus.
318 2507 517 2552 Legebatur
536 2505 616 2539 οὔτ’.
728 2511 745 2529 Ζ
765 2505 915 2550 τούτοις]
941 2506 993 2538 καὶ
1012 2504 1145 2539 τούτοις
1164 2506 1307 2538 A.k.1·.s.
1430 2510 1448 2528 a
1467 2505 1511 2547 μὴ
1532 2516 1601 2538 0111.

91 2560 187 2605 pr.Y.
261 2556 280 2584 b
299 2559 458 2604 ἀκοῦσαι]
482 2559 613 2593 ἀκούειν
633 2560 774 2592 A.k.r.S.
845 2564 860 2583 c
881 2559 933 2591 καὶ
953 2571 1022 2591 om.
1046 2558 1279 2592 s.Y.O.t.u.v.
1352 2555 1371 2583 d
1391 2556 1598 2602 καταμεῖναι]

90 2615 281 2655 καταμένειν
299 2614 443 2647 A.k.r.s.
539 2618 554 2636 Ε
575 2611 727 2657 τοιοῦτο]
752 2614 907 2644 τοιοῦτον
927 2611 1067 2644 O.r.t.u.
1169 2612 1174 2635 Ι
1198 2609 1454 2655 ἐδημηγορεῖτο]
1479 2610 1599 2653 ἐδημη-

89 2667 220 2711 γορεῖτε
240 2678 274 2699 u.
362 2671 383 2699 g
403 2666 469 2711 ἐγὼ
490 2678 561 2700 om.
584 2666 694 2699 A.k.S.
784 2661 804 2688 h
825 2666 1007 2706 τηλικαῦτα
1027 2665 1078 2696 καὶ
1098 2663 1252 2708 τοιαῦτα]
1277 2665 1414 2695 τοιαῦτα
1434 2664 1486 2695 καὶ
1504 2665 1599 2705 τηλι-

89 2721 190 2751 καῦτα
209 2731 238 2752 r.
314 2716 324 2742 i
344 2718 466 2752 τούτου
488 2719 567 2752 S.Y.
604 2718 802 2763 Legebatur
821 2715 943 2749 τούτου
963 2718 1050 2749 τότε.
1125 2713 1144 2739 k
1166 2716 1242 2749 τοὺς
1263 2728 1332 2750 om.
1351 2715 1395 2749 O.
1472 2712 1481 2739 Ῑ
1501 2716 1601 2758 μὴ-

89 2772 170 2814 μηδέ
192 2772 227 2805 S.
258 2771 478 2815 μήτε-μήτε
498 2772 616 2816 vulgo.
730 2776 760 2794 m
779 2772 840 2802 τοῦ
860 2781 929 2803 om.
947 2770 1124 2803 O.k.s.t.v.
1247 2774 1265 2792 ¹1
1285 2769 1346 2811 τὴν
1368 2768 1448 2802 S.Y.
1488 2769 1599 2813 Lege-

88 2824 191 2858 batur
209 2825 269 2867 τὴν
289 2827 358 2858 τοῦ.
443 2830 461 2849 0
480 2825 541 2867 μὲν
560 2836 628 2857 om.
652 2823 738 2861 F.Q.
827 2828 846 2855 P
865 2824 1013 2856 τοσοῦτο
1035 2822 1070 2855 S.
1101 2823 1269 2854 τοσοῦτον
1288 2822 1404 2866 vulgo.
1490 2826 1509 2853 q
1529 2835 1596 2854 κοι-

90 2877 197 2923 νωνῶ]
219 2880 315 2910 κοινῶ
336 2890 369 2911 u.
452 2883 467 2902 Γ
486 2879 533 2923 τῷ
551 2876 748 2910 A.S.Y.k.r.
784 2875 983 2920 Legebatur
1003 2875 1058 2908 ἐπὶ
1077 2877 1133 2921 τῷ.
1220 2879 1234 2897 S
1256 2873 1428 2918 σχόντων]
1453 2874 1600 2917 ἐχόντων

91 2929 236 2968 F.Q.r.s.
309 2929 323 2955 t
341 2930 514 2976 γίγνηται]
538 2931 673 2975 γένηται
694 2941 721 2962 s.
793 2935 812 2953 U
833 2929 894 2971 μὲν
913 2928 1030 2961 addidi
1049 2940 1092 2962 ex
1112 2928 1252 2961 A.k.1·.s.
1313 2935 1328 2952 Χ
1350 2926 1593 2972 ἐπαινέσεσθε]

89 2982 281 3017 ἐπαινέσετε
300 2984 440 3018 A.k.r.s.
552 2990 571 3018 ‚V
591 2981 764 3026 ἐναντίων]
789 2980 945 3014 ἐναντίων
963 2980 1098 3027 γένηται
1118 2995 1172 3026 γρ.
1195 2980 1283 3019 F.Q.

779 3054 897 3095 3132
