1903 3271
265 198 351 238 358
810 201 1236 240 ΔΗΜΟΣΘΕΝΟΎΣ
1368 199 1449 238 On.
1469 198 1609 238 XIX.
1634 212 1672 253 p.
1690 208 1789 251 342,
1807 209 1846 234 25
1879 191 1881 193 ¹

264 309 531 376 πρέσβεων·
574 314 635 365 ὡς
660 310 754 376 γὰρ
780 311 967 362 εἰδότων
999 313 1104 377 περὶ
1136 311 1200 362 ὧν
1231 311 1545 379 ἐπέμφθησαν
1571 309 1831 362 ἀκούετε·25

266 394 396 445 οὐδὲν
423 396 504 445 οὖν
530 395 866 463 ἐξελέγχεσθαι
894 394 1064 447 δίκαιός
1099 396 1231 444 ἐστιν
1256 396 1308 444 Οὸ
1340 393 1635 460 πρεσβευτὴς
1661 398 1785 461 φαῦ-

228 484 354 528 6λον
381 479 473 528 οὐδ’
503 478 787 546 ἀσύμφορον
815 479 921 540 ὑμῖν
947 477 1389 540 συμβεβουλευκώς.
1442 481 1517 527 καὶ
1551 476 1644 540 μὴν
1677 479 1784 541 περὶ

266 559 358 611 Ρῶν
389 584 444 626 γε
478 560 793 628 προσετάξατ’
823 565 965 611 εἰπεῖν
991 560 1019 624 ἢ
1045 562 1224 629 πρᾶξαι
1251 563 1326 611 καὶ
1353 559 1604 626 διαρρήδην
1631 562 1779 628 (ἶέψη-

267 646 481 713 φίσασθε
515 647 724 707 ποιῆσαι,
751 642 980 709 προσήκει
1013 644 1297 713 διῳκηκέναι.
1353 642 1456 694 εἶεν·
1499 648 1614 694 Γτῶν
1646 643 1694 694 δὲ
1725 641 1782 707 δὴ

264 729 448 795 χρόνων
481 726 556 777 διὰ
590 729 639 777 τί
654 749 665 786 ς
712 727 783 777 ὅτι
818 727 1064 788 πολλάκις,
1099 725 1135 777 ῶ
1170 728 1333 793 ἄνδρες
1368 731 1628 792 Ἀθηναῖοι,
1659 742 1875 790 συμ-343

263 813 413 873 βαίνει
448 816 648 862 πολλῶν
681 810 975 877 πραγμάτων
1010 813 1085 861 καὶ
1122 811 1348 877 μεγάλων
1380 810 1540 877 καιρὸν
1574 814 1622 862 ἐν
1654 817 1776 878 βρα-

264 901 340 963 χεῖ
373 895 526 964 χρόνῳ
560 896 822 960 γίγνεσθαι,
852 893 904 945 ὃν
931 893 1030 944 8ἐάν
1055 918 1124 948 τις
1151 894 1265 944 ἑκών
1299 898 1488 962 καθυφῇ
1522 900 1617 947 τοῖς
1652 896 1783 945 ἐναν-

263 981 376 1033 τίοις
402 981 477 1029 καὶ
503 982 676 1047 προδῷ,
704 979 796 1028 οὐδ’
826 976 883 1028 ἂν
915 979 1068 1028 ὁτιοῦν
1101 983 1212 1045 ποιῇ
1247 978 1395 1029 πάλιν
1430 977 1523 1032 οἶός
1556 983 1597 1029 τ’
1626 978 1809 1031 ιε”ο-ταιε»

226 1069 438 1126 7σῶσαι,
496 1062 627 1112 ἀλλά
660 1062 753 1127 μὴν
789 1063 903 1128 ὑπερ
934 1085 987 1127 γε
1026 1069 1108 1113 τοῦ
1146 1068 1318 1128 προῖκα
1351 1061 1379 1127 ἢ
1416 1062 1494 1127 μὴ,
1525 1062 1580 1113 τὸ
1613 1062 1698 1126 μὲν
1732 1064 1782 1113 ἐκ

264 1148 441 1200 τούτων
491 1145 768 1210 λαμβάνειν,
813 1147 870 1216 ἐξ
910 1145 975 1197 ῶν
1022 1147 1049 1210 ἡ
1101 1145 1240 1200 πόλις
1289 1146 1567 1209 βλάπτεται,
1611 1145 1783 1199 πάντες

263 1230 374 1283 Ποῖδ
404 1231 475 1282 ὅτι
507 1231 700 1299 φήσαιτ’
731 1229 788 1281 ἂν
817 1228 929 1281 εἶναι
956 1229 1105 1281 δεινὸν
1137 1233 1212 1281 καὶ
1243 1234 1432 1294 πολλῆς
1459 1232 1602 1296 ὀργῆς
1628 1231 1779 1299 ἄξιον·

264 1319 289 1368 ὁ
323 1316 481 1380 μέντοι
519 1315 601 1366 τὸν
635 1314 778 1378 νόμον
812 1317 952 1367 τιθεὶς
986 1315 1039 1365 οὐ
1073 1315 1260 1380 διώρισε
1297 1321 1448 1376 τοῦτο,
1477 1316 1587 1365 ἀλλ’
1616 1316 1783 1368 ἁπλῶς

262 1398 392 1451 “ἐἷπε
431 1402 656 1464 μηδαμῶς
693 1402 820 1464 δῶρα
859 1397 1134 1461 λαμβάνειν,
1160 1398 1432 1463 ἡγούμενος,
1465 1401 1526 1452 ὡς
1561 1400 1660 1462 ἐμοὶ
1696 1401 1775 1449 δο-
1796 1425 1835 1446 ιο

262 1489 342 1546 κεῖ,
370 1484 452 1535 τὸν
487 1482 622 1551 ἅπαξ
650 1481 900 1543 Χλαβόντα
939 1484 1014 1532 καὶ
1050 1482 1367 1548 διαφθαρέντα
1403 1481 1493 1533 ὑπὸ
1527 1481 1783 1549 χρημάτων

263 1567 366 1619 οὐδὲ
392 1566 553 1633 κριτὴν
579 1567 645 1618 ε”τι
671 1571 765 1617 τῶν
785 1564 1128 1634 συμφερόντων
1154 1567 1357 1633 ἀσφαλῆ
1385 1571 1561 1629 Υμενεῖν
1586 1569 1668 1634 Ζτῇ
1696 1564 1784 1617 πό-

225 1660 351 1705 8λει.
404 1651 462 1702 ἂν
488 1650 572 1714 μὲν
597 1651 751 1701 τοίνυν
777 1649 1036 1718 3ἐξελέγξω
1070 1652 1145 1700 καὶ
1179 1650 1315 1718 δείξω
1350 1654 1521 1718 σαφῶς
1548 1651 1785 1717 Αἰσχίνην

262 1737 444 1787 τουτονὶ
484 1737 560 1786 καὶ
603 1733 747 1798 μηδὲν
785 1732 958 1794 ἀληθὲς
996 1733 1334 1799 ἀπηγγελκότα
1372 1735 1447 1784 καὶ
1485 1732 1783 1784 κεκωλυκότα

262 1823 373 1884 ἐμοῦ
399 1819 481 1871 τὸν
508 1822 657 1883 δῆμον
683 1821 883 1869 ἀκοῦσαι
917 1819 1116 1882 τάληθῆ,
1143 1819 1218 1868 καὶ
1251 1817 1408 1868 πάντα
1440 1819 1661 1868 τάναντία
1686 1822 1780 1869 τῶν
1796 1843 1832 1875 15

262 1903 606 1973 συμφερόντων
659 1903 800 1966 ὺὺμῖν
848 1901 1344 1965 οσυμβεβουλευκότα,
1396 1904 1469 1952 καὶ
1522 1901 1667 1966 μηδὲν
1717 1901 1782 1953 ῶν

1076 1983 1095 2011 d

261 1987 590 2056 προσετάξατε
630 1989 677 2038 ἐν
712 1991 770 2055 τῇ
808 1987 1042 2054 πρεσβεία
1111 1984 1410 2049 πεποιηκότα,
1446 1987 1522 2036 καὶ
1556 1988 1776 2050 εάνηλω-

262 2073 378 2124 κότα
408 2070 515 2126 τοὺς
546 2070 743 2139 χρόνους
773 2072 822 2121 ἐν
855 2069 920 2124 οἷς
957 2074 1156 2121 πολλῶν
1191 2070 1266 2119 καὶ
1301 2067 1524 2134 μεγάλων
1553 2068 1777 2136 πραγμά-

262 2181 357 2210 των
389 2159 538 2223 καιροῖ
572 2160 810 2222 προεῖνται
843 2159 900 2222 τῇ
936 2154 1086 2216 πόλει,
1115 2155 1190 2204 καὶ
1220 2153 1410 2204 πάντων
1442 2154 1621 2205 τούτων
1655 2157 1782 2220 δῶρα

264 2245 339 2293 καὶ
397 2239 597 2304 μισθοὺς
654 2237 884 2308 εἰληφότα
940 2236 1058 2301 μετὰ
1107 2237 1444 2303 Φιλοκράτους,
1496 2239 1775 2308 καταψηφί-
1793 2261 1834 2283 20

263 2331 422 2378 σασθε
461 2327 602 2377 αὑτοῦ
647 2326 723 2375 καὶ
767 2325 898 2387 δίκην
936 2322 1074 2391 ἀξίαν
1112 2326 1207 2372 τῶν
1249 2321 1547 2386 ἀδικημάτων
1585 2322 1775 2385 λάβετε·

319 2503 337 2522 ⁰
363 2498 447 2531 Post
467 2498 485 2530 ὁ
505 2497 541 2530 in
563 2496 598 2530 S.
619 2500 689 2529 tres
712 2494 821 2528 literae
844 2494 919 2536 (αει,
939 2498 978 2526 ut
998 2492 1149 2536 videtur)
1172 2504 1289 2527 erasae.
1335 2492 1378 2526 In
1398 2505 1507 2538 marg.
1528 2505 1548 2526 a
1567 2504 1613 2526 m.
1635 2504 1703 2526 sec.
1721 2506 1779 2538 γρ.

264 2551 388 2586 δίκαιός
408 2552 503 2585 ἐστιν
523 2551 541 2583 ὁ
560 2564 619 2595 πρ.
708 2554 727 2581 P
750 2547 863 2593 Supra
883 2542 927 2580 ὧν
947 2547 982 2580 in
1001 2546 1035 2580 S.
1057 2546 1197 2591 signum
1217 2546 1372 2591 positum
1388 2552 1440 2580 est
1456 2547 1499 2580 ad
1520 2546 1614 2592 quod
1632 2545 1783 2580 refertur

264 2605 502 2650 ἐπέμφθησαν,
523 2604 618 2650 quod
641 2603 677 2636 iu
700 2614 810 2647 marg.
832 2600 1001 2645 scriptum
1025 2606 1090 2633 est.
1141 2600 1232 2633 Tum
1260 2606 1341 2645 post
1365 2614 1406 2646 γε
1434 2612 1454 2634 a
1481 2612 1529 2634 m.
1557 2600 1702 2646 antiqua
1728 2599 1783 2633 in-

265 2665 396 2692 sertum
417 2660 447 2702 r'j.
588 2665 605 2692 q
628 2654 876 2702 ἐψηφίσασθε]
902 2653 1115 2699 ψηφίσασθε
1135 2653 1179 2688 O.
1212 2652 1443 2698 ψηφίσασθαι
1463 2666 1496 2687 u.
1628 2659 1642 2678 Γ
1661 2655 1783 2687 τῶν-

264 2711 412 2758 χρόνων]
437 2712 674 2755 τὸν-χρόνον
695 2709 815 2744 O.k.u.
839 2714 873 2742 et
894 2712 1070 2741 correctus
1088 2708 1129 2741 A.
1219 2712 1233 2732 S
1255 2706 1328 2753 ἐάν]
1351 2707 1391 2740 ι’ίν
1413 2707 1448 2741 S.
1532 2705 1546 2732 t
1565 2707 1680 2754 ἔσται]
1706 2706 1782 2741 ἐστι

265 2766 341 2804 Ω.ι’.
408 2771 430 2790 u
450 2762 512 2799 οἶδ’
536 2764 619 2799 S.Y.
651 2762 687 2797 εὖ
707 2759 769 2796 οἷδ’
786 2762 903 2807 vulgo.
973 2766 1001 2784 W
1021 2757 1110 2807 εἶπε]
1134 2760 1274 2794 ἀπεῖπεν
1293 2776 1348 2806 γρ.
1368 2760 1498 2800 S.Y.Q.
1568 2766 1587 2785 Χ
1608 2759 1776 2806 λαβόντα]

263 2819 482 2863 λαμβάνοντα
500 2819 611 2852 A.k.s.
767 2821 785 2849 Υ
804 2814 931 2860 μενεῖν]
955 2814 1155 2860 Legebatur
1173 2815 1296 2858 μένειν.
1454 2820 1471 2839 Ζ
1491 2813 1549 2860 τῇ]
1574 2814 1609 2848 ἐν
1628 2816 1668 2858 τῇ
1690 2814 1780 2853 RQ.

265 2878 284 2898 a
303 2871 490 2918 ἐξελέγξω]
514 2872 644 2917 ἐλέγξω
665 2870 709 2909 Q.
777 2866 797 2894 b
818 2869 894 2912 ὑμῖν
914 2880 985 2902 om.
1003 2868 1156 2903 A.S.k.s.
1187 2871 1228 2911 τῇ
1247 2869 1346 2902 πόλει
1366 2880 1386 2902 a
1406 2880 1451 2902 m.
1473 2880 1540 2902 sec.
1563 2868 1598 2902 S.
1656 2872 1672 2892 ⁰
1691 2881 1779 2910 συμ-

262 2925 533 2971 βεβουλευκότα]
556 2922 810 2966 βεβουλευκότα
830 2922 875 2961 Ω.
980 2917 999 2946 d
1018 2922 1240 2968 πεποιηκότα]
1265 2921 1454 2966 ποιήσαντα
1476 2922 1559 2956 S.Y.
1666 2925 1682 2945 e
1702 2920 1782 2965 ἀνη-

264 2994 414 3041 λωκότα]
438 2989 630 3039 ἀνῆλωκότα
651 2994 689 3028 F.
