1903 3271
223 167 306 209 472
757 172 1186 210 ΔΗΜΟΣΘΕΝΟΎΣ
1356 171 1438 210 On.
1458 170 1598 210 XIX.
1621 186 1660 227 p.
1675 173 1802 222 446‚1

1003 285 1016 301 N

218 301 308 332 πος
352 280 898 347 ιιπροσκατασκευάζεται
943 305 1018 332 και
1061 281 1332 350 ιΤεραιστῷ
1379 285 1455 333 καὶ
1498 283 1834 349 Μεγάροις446
1863 305 1879 350 ’μ

219 362 540 420 ἐπιβουλεύων
566 367 779 416 διατελεῖ.
822 367 924 415 ἀντὶ
950 365 999 416 δὲ
1023 372 1106 416 τοῦ
1133 365 1215 416 τὸν
1240 365 1463 432 Ὠρωπὸν
1490 369 1597 430 ὑμῖν
1623 370 1740 418 ἀπο-

218 447 410 509 δοθῆναι
436 449 540 511 περὶ
567 453 789 512 0Δρυμοῦ
824 450 899 498 καὶ
926 451 1008 511 τῆς
1041 447 1160 514 πρὸς
1188 448 1426 517 Πανάκτῳ
1452 450 1609 516 χώρας
1633 455 1737 512 μεθ’

218 526 383 578 ὅπλων
420 528 720 596 ἐξερχόμεθα,
749 528 786 591 ὃ,
823 528 936 583 ᾱὲως
974 530 1100 594 ἦσαν
1141 535 1317 584 Φωκεῖς
1355 536 1487 600 σῷοι,
1527 533 1732 584 οὐδεπώ-

120 612 320 665 375ποτ’
367 612 670 676 ἐποιήσαμεν.
718 615 820 663 ἀντὶ
863 613 911 664 δὲ
961 620 1044 665 τοῦ
1095 614 1178 664 θτοὶ
1202 614 1378 680 πάτρια
1428 617 1476 665 ἐν
1515 620 1582 684 τῷ
1632 620 1767 686 ἱερῷ5

215 699 571 758 κατασταθῆναι
608 698 685 746 καὶ
719 695 778 747 τὰ
808 696 1029 763 χρήματα
1065 701 1411 765 εἰσπραχθῆναι
1450 703 1517 767 τῷ
1551 703 1656 768 θεῷ,
1695 704 1739 752 οἱ

213 776 319 840 ἰμὲν
358 777 487 832 ὅντες
520 779 865 847 Ἀμφικτύονες
905 780 1140 849 φεύγουσι
1177 784 1253 832 καὶ
1293 781 1617 849 ἐξελήλανται,
1661 786 1738 834 καὶ

213 861 482 916 ἀνάστατος
521 864 675 914 αὐτῶν
715 864 743 927 ἡ
786 865 918 931 χώρα
960 865 1166 930 γέγονεν,
1208 868 1249 915 οἱ
1301 867 1340 914 δ’
1385 866 1647 917 ἕοὺπώποτ’
1688 869 1737 918 ἐν

1349 947 1367 974 ¹¹
1378 950 1454 998 καὶ
1479 948 1732 1016 βάρβαροι,
1750 977 1788 999 ιο

212 1034 294 1078 νῦν
334 1029 678 1096 Ἀμφικτύονες
719 1028 833 1081 εἶναι
873 1030 1126 1096 βιάζονται·
1166 1031 1247 1082 ἐὰν
1290 1032 1345 1083 δέ
1382 1055 1452 1087 τις
1491 1035 1598 1098 περὶ
1641 1038 1735 1085 τῶν

212 949 279 1014 τῷ
316 945 530 1011 πρόσθεν
564 946 720 1016 χρόνῳ
755 948 1010 1012 γενόμενοι,
1040 948 1311 1001 Μακεδόνες

211 1115 346 1177 ἱερῶν
371 1112 630 1178 χρημάτων
655 1118 862 1181 μνησθῇ,
891 1114 1319 1180 κατακρημνίζεται,
1348 1117 1375 1179 ἡ
1407 1114 1548 1170 πόλις
1575 1115 1624 1167 δὲ
1649 1115 1735 1181 τὴν

115 1197 528 1260 376προμαντειάν
554 1195 810 1265 ἀφῄρηται.
854 1201 928 1249 καὶ
956 1197 1138 1264 ἰγε’γονε
1177 1198 1236 1249 τὰ
1270 1198 1532 1265 πράγματα
1564 1199 1732 1252 ἅπανθ’

210 1276 374 1344 ὥσπερ
401 1280 594 1345 αἴνιγμα
619 1284 676 1347 τῇ
708 1281 862 1332 πόλει.
906 1283 930 1332 ὁ
956 1281 1042 1345 μὲν
1067 1281 1199 1332 οὐδὲν
1225 1282 1458 1350 ἔψευσται
1490 1285 1566 1333 καὶ
1590 1283 1730 1334 πάνθ’

209 1361 286 1412 ὅσ’
330 1363 578 1428 ἠβουλήθη
622 1363 975 1430 διαπέπρακται,
1018 1367 1144 1427 ὑμεῖς
1183 1367 1236 1427 δ’,
1263 1364 1382 1432 ἅπερ
1423 1366 1632 1434 εὔξαισθ’
1673 1365 1782 1419 ἂνι5

1042 1445 1063 1472 k

207 1445 490 1498 ἐλπίσαντες
540 1446 764 1496 τάναντία
814 1445 993 1496 τούτων
1071 1446 1290 1512 ἑοράκατε
1341 1446 1607 1512 γιγνόμενα,
1654 1450 1731 1499 καὶ

206 1531 378 1579 δοκεῖτε
404 1529 489 1591 μὲν
513 1529 696 1596 εἰρήνην
723 1530 867 1594 ἄγειν,
892 1531 1156 1581 πεπόνθατε
1189 1530 1236 1581 δὲ
1264 1530 1497 1597 δεινότερα
1522 1529 1550 1595 ἢ
1576 1538 1724 1583 πολε·

205 1619 414 1676 μοῦντες·
455 1613 581 1664 οὗτοι
618 1613 666 1664 δὲ
695 1612 897 1680 χρήματ’
924 1613 1114 1681 ἔχουσιν
1151 1615 1226 1664 ἐπὶ
1263 1615 1443 1667 τούτοις
1482 1617 1558 1664 καὶ
1591 1615 1729 1682 μέχρι

109 1713 192 1757 377
207 1698 290 1759 τῆς
324 1695 525 1761 τήμερον
558 1696 728 1762 ἡμέρας
765 1697 897 1760 δίκην
935 1697 989 1746 οὑ
1024 1696 1298 1746 δεδώκασιν.
1343 1696 1414 1747 ὅτι
1447 1696 1557 1763 1γόιρ
1591 1703 1725 1750 ταῦθ’
1740 1721 1781 1743 20

206 1779 411 1831 ’Πὰπλῶς
461 1778 894 1844 ῐιδεδωροδόκηνται
945 1782 1022 1830 καὶ
1072 1779 1212 1844 τιμὴν
1262 1780 1454 1847 ἔχουσιν
1504 1780 1727 1833 ἁπάντων

204 1863 384 1913 τούτων
422 1863 561 1925 οὗτοι,
599 1863 906 1930 πολλαχόθεν
949 1863 1034 1927 μὲν
1076 1864 1216 1928 ἔγωγ’
1260 1862 1384 1927 οἶμαι
1430 1867 1577 1928 δῆλον
1621 1867 1727 1927 ὑμῖν

204 1944 317 1997 εἶναι
359 1946 525 2010 πάλαι,
567 1949 642 1997 καὶ
694 1948 877 1998 δέδοικα
926 1949 991 2012 μὴ
1042 1948 1312 1998 τούναντίον
1362 1947 1446 1998 0οὗ
1488 1947 1728 2011 βούλομαι

202 2035 371 2092 Ρποιῶ,
411 2031 606 2099 σφόδρα
648 2032 853 2097 ἀκριβῶς
898 2032 1125 2082 δεικνύναι
1170 2032 1466 2096 πειρώμενος,
1509 2036 1726 2100 (ἶδιοχλῶ

201 2113 353 2164 πάλαι
401 2116 554 2165 Γτοῦτ’
601 2114 768 2168 αὐτοὺς
820 2116 938 2178 ὑμᾶς
986 2114 1203 2168 5εἰδότας·
1246 2114 1372 2179 ὅμως
1419 2116 1486 2165 ιδ’
1530 2115 1596 2166 ἔτι
1647 2117 1724 2167 καὶ
1736 2137 1774 2171 25

256 2249 275 2269 a
293 2244 549 2290 προσκατασκ.]
573 2246 924 2289 προκατασκευάζεται
945 2244 1057 2279 O.t.u.
1089 2245 1352 2286 κατεσκευάζετο
1370 2244 1484 2280 A.k.s.
1573 2243 1590 2267 b
1609 2251 1725 2292 Γεραι-

201 2296 290 2344 στῷ]
313 2301 472 2343 γεραστῶ
493 2299 678 2332 A.k.r.s.u.
707 2298 892 2343 γεραίστωι
907 2298 999 2333 Y.O.
1111 2303 1127 2323 0
1147 2297 1302 2343 Δρυμοῦ]
1329 2298 1554 2332 Scribebatur
1573 2297 1724 2342 Δρόμου.

200 2351 396 2384 Accentum
425 2351 559 2384 correxi
588 2363 630 2385 ex
650 2351 934 2390 Y.Q.O.r.t.u.v.
966 2350 1154 2385 scholiasta
1181 2351 1339 2384 Platonis
1357 2363 1392 2396 p.
1412 2361 1504 2397 335.
1527 2357 1562 2386 et
1582 2352 1724 2398 Harpo-

200 2404 356 2438 cratione
377 2416 403 2437 s.
423 2415 455 2437 v.
478 2406 623 2448 Δρυμός.
673 2404 766 2438 Nam
795 2416 925 2438 nomen
947 2403 1110 2448 ὀξύτονον
1129 2416 1205 2438 esse
1225 2404 1364 2437 ostendi
1387 2404 1424 2438 in
1443 2404 1624 2439 Thesauro
1645 2405 1722 2439 Ste-

199 2457 308 2501 phani
327 2457 396 2491 vol.
419 2468 455 2491 2.
477 2469 513 2502 p.
540 2455 649 2505 1691.
789 2454 808 2482 (Ῑ
834 2456 912 2503 ἕως]
939 2457 1139 2503 Legebatur
1158 2458 1253 2496 τέως,
1274 2457 1517 2491 consentiente
1537 2458 1725 2493 scholiasta

201 2510 359 2543 Platonis
379 2522 413 2555 p.
436 2516 525 2557 335.
637 2516 652 2535 e
672 2510 714 2544 τὰ
734 2523 803 2545 om.
825 2516 890 2544 t.u.
977 2508 993 2534 f
1007 2511 1070 2554 μὲν
1089 2509 1199 2555 ὅντες]
1224 2511 1381 2553 μένοντες
1402 2510 1479 2544 O.r.
1572 2517 1593 2545 g
1613 2511 1724 2545 οὐπώ-

198 2561 275 2596 ποτ’
298 2563 499 2599 S.Y.O.t.V.
530 2563 732 2610 Legebatur
750 2564 980 2597 οὐδεπώποτε.
1105 2560 1126 2588 h
1145 2564 1199 2597 καὶ
1217 2575 1287 2597 om.
1308 2563 1509 2598 Y.O.t.u.v.
1633 2560 1644 2588 i
1662 2564 1720 2610 γέ-

198 2615 295 2661 γονε]
319 2616 468 2662 γέγωνεν
489 2615 533 2651 Ο.
672 2614 685 2650 j
706 2616 804 2651 πάνθ’
826 2629 895 2651 om.
917 2617 1061 2650 A.k.s.t.
1204 2613 1225 2641 k
1246 2617 1404 2661 ἑοράκατε
1421 2616 1465 2651 Ο.
1497 2617 1723 2652 Scribebatm·

887 2666 920 2697 δὲ

199 2711 380 2756 ἑωράκατε.
505 2708 516 2737 l
535 2711 603 2757 γὰρ
622 2711 831 2751 A.S.Q.k.s.
862 2713 928 2758 γὰρ
949 2712 987 2746 F.
1018 2711 1054 2746 δὲ
1074 2713 1193 2758 vulgo.
1317 2718 1347 2736 m
1367 2711 1501 2757 ἁπλῶς]
1526 2709 1632 2747 οὕτως
1649 2713 1722 2757 ἔχει

199 2764 252 2797 καὶ
266 2779 323 2809 γρ.
340 2764 427 2803 S.Q.
485 2770 504 2789 Π
525 2765 827 2810 δεδωροδόκηνται]
846 2766 1152 2811 δεδωροδοκόκηται
1167 2765 1268 2799 k.r.s.
1297 2766 1337 2799 οὐ
1351 2765 1637 2809 δεδωροδόκηνται
1651 2771 1719 2800 t.u.

199 2820 218 2841 ⁰
239 2816 295 2863 οὗ]
320 2816 338 2860 ἦ
357 2818 468 2852 A.k.s.
539 2823 559 2851 Ρ
578 2818 682 2863 ποιῶ]
702 2818 836 2862 ποιήσω
849 2819 961 2853 A.k.s.
1029 2823 1049 2851 q
1069 2817 1217 2863 διοχλῶ]
1237 2817 1370 2863 ἐνοχλῶ
1387 2818 1503 2853 A.k.s.
1570 2823 1585 2842 Γ
1603 2817 1715 2865 τοῦτ’]

199 2870 279 2905 τοὺς
297 2872 370 2904 A.r.
391 2876 427 2904 et
445 2884 502 2916 γρ.
526 2871 562 2905 S.
674 2876 688 2895 S
712 2870 859 2916 εἰδότας]
887 2873 1074 2916 ἑωρακότας
1096 2872 1150 2905 καὶ
1178 2869 1215 2904 εὖ
1241 2871 1373 2907 εἰδότας
1390 2885 1446 2917 γρ.
1477 2870 1514 2906 S.
1564 2870 1621 2905 Sic
1647 2871 1718 2906 De·

199 2923 404 2957 mosthenes
424 2935 457 2969 p.
476 2930 568 2970 405,
583 2933 620 2968 3.
733 2922 747 2947 ἵ
767 2922 813 2969 δ’]
839 2923 868 2957 δ’
887 2923 947 2958 οὖν
965 2924 1160 2963 F.Q.t.u.v.
