<?xml version="1.0" encoding="UTF-8"?>
<!DOCTYPE html PUBLIC "-//W3C//DTD XHTML 1.0 Transitional//EN"
    "http://www.w3.org/TR/xhtml1/DTD/xhtml1-transitional.dtd">
<html xmlns="http://www.w3.org/1999/xhtml" xml:lang="en" lang="en">
 <head>
  <title>
</title>
<meta http-equiv="Content-Type" content="text/html;charset=utf-8" />
  <meta name='ocr-system' content='tesseract 3.04.00' />
  <meta name='ocr-capabilities' content='ocr_page ocr_carea ocr_par ocr_line ocrx_word'/>
</head>
<body>
  <div class='ocr_page' id='page_1' title='image "./operaexrecension01demouoft_0286.png"; bbox 0 0 1930 3266; ppageno 0'>
   <div class='ocr_carea' id='block_1_1' title="bbox 271 162 1930 247">
    <p class='ocr_par' dir='ltr' id='par_1_1' title="bbox 271 162 1930 247">
     <span class='ocr_line' id='line_1_1' title="bbox 271 162 1930 247; baseline 0.001 -17"><span class='ocrx_word' id='word_1_1' title='bbox 271 189 356 231; x_wconf 75' lang='lat'>256</span> <span class='ocrx_word' id='word_1_2' title='bbox 823 194 1251 233; x_wconf 69' lang='grc' dir='ltr'><strong>ΔΗΜΟΣΘΕΝΟὙΣ</strong></span> <span class='ocrx_word' id='word_1_3' title='bbox 1352 193 1434 232; x_wconf 63' lang='grc' dir='ltr'>οη.</span> <span class='ocrx_word' id='word_1_4' title='bbox 1459 192 1641 231; x_wconf 76' lang='lat' dir='ltr'><strong>xvm.</strong></span> <span class='ocrx_word' id='word_1_5' title='bbox 1666 207 1704 247; x_wconf 76' lang='lat' dir='ltr'>p.</span> <span class='ocrx_word' id='word_1_6' title='bbox 1725 204 1819 246; x_wconf 83' lang='lat'>243,</span> <span class='ocrx_word' id='word_1_7' title='bbox 1835 162 1930 237; x_wconf 69' lang='lat'>9-³</span> 
     </span>
    </p>
   </div>
   <div class='ocr_carea' id='block_1_2' title="bbox 203 261 1930 446">
    <p class='ocr_par' dir='ltr' id='par_1_2' title="bbox 203 261 1930 446">
     <span class='ocr_line' id='line_1_2' title="bbox 1928 261 1930 277; baseline 0 0"><span class='ocrx_word' id='word_1_8' title='bbox 1928 261 1930 277; x_wconf 80' lang='grc' dir='ltr'>ι</span> 
     </span>
     <span class='ocr_line' id='line_1_3' title="bbox 928 319 1135 361; baseline 0.005 -1"><span class='ocrx_word' id='word_1_9' title='bbox 928 319 1135 361; x_wconf 85' lang='grc' dir='ltr'><strong>ΓΡΑΦΙ-Ι.</strong></span> 
     </span>
     <span class='ocr_line' id='line_1_4' title="bbox 203 388 1844 446; baseline 0.001 -15"><span class='ocrx_word' id='word_1_10' title='bbox 203 392 255 431; x_wconf 84' lang='lat'>65</span> <span class='ocrx_word' id='word_1_11' title='bbox 384 388 475 430; x_wconf 86' lang='grc' dir='ltr'>Ἐπὶ</span> <span class='ocrx_word' id='word_1_12' title='bbox 510 392 768 442; x_wconf 70' lang='grc' dir='ltr'>οΧαιρώνδου</span> <span class='ocrx_word' id='word_1_13' title='bbox 805 392 1039 443; x_wconf 78' lang='grc' dir='ltr'>Ρᾶρχοντος,</span> <span class='ocrx_word' id='word_1_14' title='bbox 1074 393 1402 443; x_wconf 71' lang='grc' dir='ltr'>ἐλαφηβολιῶνος</span> <span class='ocrx_word' id='word_1_15' title='bbox 1439 392 1527 446; x_wconf 82' lang='grc' dir='ltr'>ἕκτῃ</span> <span class='ocrx_word' id='word_1_16' title='bbox 1564 392 1844 442; x_wconf 81' lang='grc' dir='ltr'>ἱσταμένου,ῐο</span> 
     </span>
    </p>
   </div>
   <div class='ocr_carea' id='block_1_3' title="bbox 324 456 1930 961">
    <p class='ocr_par' dir='ltr' id='par_1_3' title="bbox 324 456 1930 961">
     <span class='ocr_line' id='line_1_5' title="bbox 327 456 1786 511; baseline 0.003 -16"><span class='ocrx_word' id='word_1_17' title='bbox 327 459 520 510; x_wconf 75' lang='grc' dir='ltr'>Αἰσχίνης</span> <span class='ocrx_word' id='word_1_18' title='bbox 543 456 781 509; x_wconf 84' lang='grc' dir='ltr'>Ἀτρομήτου</span> <span class='ocrx_word' id='word_1_19' title='bbox 810 460 1032 508; x_wconf 82' lang='grc' dir='ltr'>Κοθωκίδης</span> <span class='ocrx_word' id='word_1_20' title='bbox 1060 458 1255 510; x_wconf 74' lang='grc' dir='ltr'>ἀπήνεγκε</span> <span class='ocrx_word' id='word_1_21' title='bbox 1287 458 1383 509; x_wconf 83' lang='grc' dir='ltr'>πρὸς</span> <span class='ocrx_word' id='word_1_22' title='bbox 1411 458 1480 498; x_wconf 83' lang='grc' dir='ltr'>τὸν</span> <span class='ocrx_word' id='word_1_23' title='bbox 1509 459 1682 511; x_wconf 83' lang='grc' dir='ltr'>ἄρχοντα</span> <span class='ocrx_word' id='word_1_24' title='bbox 1712 477 1786 500; x_wconf 93' lang='grc' dir='ltr'>πα-</span> 
     </span>
     <span class='ocr_line' id='line_1_6' title="bbox 325 524 1787 578; baseline 0.003 -15"><span class='ocrx_word' id='word_1_25' title='bbox 325 526 507 576; x_wconf 81' lang='grc' dir='ltr'>ρανόμων</span> <span class='ocrx_word' id='word_1_26' title='bbox 528 526 719 577; x_wconf 74' lang='grc' dir='ltr'>(ὶγραφὴν</span> <span class='ocrx_word' id='word_1_27' title='bbox 748 527 843 565; x_wconf 87' lang='grc' dir='ltr'>κατὰ</span> <span class='ocrx_word' id='word_1_28' title='bbox 876 529 1155 576; x_wconf 71' lang='grc' dir='ltr'>Κτησιφῶντος</span> <span class='ocrx_word' id='word_1_29' title='bbox 1185 528 1253 564; x_wconf 83' lang='grc' dir='ltr'>τοῦ</span> <span class='ocrx_word' id='word_1_30' title='bbox 1281 532 1294 547; x_wconf 78' lang='lat'>¹‘</span> <span class='ocrx_word' id='word_1_31' title='bbox 1306 524 1560 567; x_wconf 87' lang='grc' dir='ltr'>Λεωσθένους</span> <span class='ocrx_word' id='word_1_32' title='bbox 1583 524 1787 578; x_wconf 87' lang='grc' dir='ltr'>Ἀναφλυ-</span> 
     </span>
     <span class='ocr_line' id='line_1_7' title="bbox 326 591 1790 644; baseline 0.002 -13"><span class='ocrx_word' id='word_1_33' title='bbox 326 594 450 639; x_wconf 84' lang='grc' dir='ltr'>στίου,</span> <span class='ocrx_word' id='word_1_34' title='bbox 485 593 543 632; x_wconf 88' lang='grc' dir='ltr'>ὅτι</span> <span class='ocrx_word' id='word_1_35' title='bbox 575 593 730 644; x_wconf 87' lang='grc' dir='ltr'>ἔγραψε</span> <span class='ocrx_word' id='word_1_36' title='bbox 760 592 988 644; x_wconf 88' lang='grc' dir='ltr'>παράνομον</span> <span class='ocrx_word' id='word_1_37' title='bbox 1018 591 1223 643; x_wconf 83' lang='grc' dir='ltr'>ψήφισμα,</span> <span class='ocrx_word' id='word_1_38' title='bbox 1257 591 1306 633; x_wconf 83' lang='grc' dir='ltr'>ὡς</span> <span class='ocrx_word' id='word_1_39' title='bbox 1336 592 1411 642; x_wconf 84' lang='grc' dir='ltr'>ἄρα</span> <span class='ocrx_word' id='word_1_40' title='bbox 1441 594 1503 631; x_wconf 92' lang='grc' dir='ltr'>δεῖ</span> <span class='ocrx_word' id='word_1_41' title='bbox 1534 597 1790 644; x_wconf 84' lang='grc' dir='ltr'>στεφανῶσαι</span> 
     </span>
     <span class='ocr_line' id='line_1_8' title="bbox 327 657 1930 732; baseline 0.002 -34"><span class='ocrx_word' id='word_1_42' title='bbox 327 659 589 709; x_wconf 80' lang='grc' dir='ltr'>Δημοσθένην</span> <span class='ocrx_word' id='word_1_43' title='bbox 620 659 898 709; x_wconf 82' lang='grc' dir='ltr'>Δημοσθένους</span> <span class='ocrx_word' id='word_1_44' title='bbox 929 658 1124 698; x_wconf 78' lang='grc' dir='ltr'>Παιανιέα</span> <span class='ocrx_word' id='word_1_45' title='bbox 1153 660 1288 713; x_wconf 73' lang='grc' dir='ltr'>χρυσῷ</span> <span class='ocrx_word' id='word_1_46' title='bbox 1321 657 1518 713; x_wconf 77' lang='grc' dir='ltr'>στεφάνῳ,</span> <span class='ocrx_word' id='word_1_47' title='bbox 1550 660 1613 699; x_wconf 83' lang='grc' dir='ltr'>καὶ</span> <span class='ocrx_word' id='word_1_48' title='bbox 1643 661 1786 713; x_wconf 86' lang='grc' dir='ltr'>ἀναγο-</span> <span class='ocrx_word' id='word_1_49' title='bbox 1804 675 1839 707; x_wconf 89' lang='lat'>15</span> <span class='ocrx_word' id='word_1_50' title='bbox 1927 681 1930 732; x_wconf 68' lang='grc'>1</span> 
     </span>
     <span class='ocr_line' id='line_1_9' title="bbox 324 725 1930 816; baseline 0.003 -51"><span class='ocrx_word' id='word_1_51' title='bbox 324 729 462 776; x_wconf 81' lang='grc' dir='ltr'>ρεῦσαι</span> <span class='ocrx_word' id='word_1_52' title='bbox 489 727 532 766; x_wconf 88' lang='grc' dir='ltr'>ἐν</span> <span class='ocrx_word' id='word_1_53' title='bbox 553 728 604 780; x_wconf 74' lang='grc' dir='ltr'>τῷ</span> <span class='ocrx_word' id='word_1_54' title='bbox 631 725 778 780; x_wconf 80' lang='grc' dir='ltr'>θεάτρῳ</span> <span class='ocrx_word' id='word_1_55' title='bbox 802 727 1028 768; x_wconf 84' lang='grc' dir='ltr'>Διονυσίοις</span> <span class='ocrx_word' id='word_1_56' title='bbox 1055 729 1135 767; x_wconf 94' lang='grc' dir='ltr'>τοῖς</span> <span class='ocrx_word' id='word_1_57' title='bbox 1161 725 1362 777; x_wconf 86' lang='grc' dir='ltr'>μεγάλοις,</span> <span class='ocrx_word' id='word_1_58' title='bbox 1386 729 1599 779; x_wconf 78' lang='grc' dir='ltr'>τραγῳδοῖς</span> <span class='ocrx_word' id='word_1_59' title='bbox 1629 731 1787 775; x_wconf 81' lang='grc' dir='ltr'>καινοῖς,</span> <span class='ocrx_word' id='word_1_60' title='bbox 1926 735 1930 816; x_wconf 65' lang='lat' dir='ltr'>i</span> 
     </span>
     <span class='ocr_line' id='line_1_10' title="bbox 1927 818 1930 848; baseline 0 0"><span class='ocrx_word' id='word_1_61' title='bbox 1927 818 1930 848; x_wconf 90' lang='grc' dir='ltr'>Ι</span> 
     </span>
     <span class='ocr_line' id='line_1_11' title="bbox 1926 876 1930 961; baseline 0 0"><span class='ocrx_word' id='word_1_62' title='bbox 1926 876 1930 961; x_wconf 80' lang='lat' dir='ltr'>i</span> 
     </span>
    </p>
   </div>
   <div class='ocr_carea' id='block_1_4' title="bbox 1925 48 1930 675">
    <p class='ocr_par' dir='ltr' id='par_1_4' title="bbox 1925 48 1930 675">
     <span class='ocr_line' id='line_1_12' title="bbox 1925 48 1930 675; baseline 0 0"><span class='ocrx_word' id='word_1_63' title='bbox 1925 48 1930 675; x_wconf 95' lang='lat' dir='ltr'> </span> 
     </span>
    </p>
   </div>
   <div class='ocr_carea' id='block_1_5' title="bbox 196 790 1930 2142">
    <p class='ocr_par' dir='ltr' id='par_1_5' title="bbox 201 790 1930 1114">
     <span class='ocr_line' id='line_1_13' title="bbox 201 790 1789 850; baseline 0.004 -21"><span class='ocrx_word' id='word_1_64' title='bbox 201 790 252 841; x_wconf 92' lang='lat'>67</span> <span class='ocrx_word' id='word_1_65' title='bbox 326 794 384 833; x_wconf 88' lang='grc' dir='ltr'>ὅτι</span> <span class='ocrx_word' id='word_1_66' title='bbox 416 797 614 845; x_wconf 87' lang='grc' dir='ltr'>στεφανοῖ</span> <span class='ocrx_word' id='word_1_67' title='bbox 640 794 660 832; x_wconf 89' lang='grc' dir='ltr'>ὁ</span> <span class='ocrx_word' id='word_1_68' title='bbox 689 796 806 843; x_wconf 88' lang='grc' dir='ltr'>δῆμος</span> <span class='ocrx_word' id='word_1_69' title='bbox 835 793 1096 844; x_wconf 87' lang='grc' dir='ltr'>Δημοσθένην</span> <span class='ocrx_word' id='word_1_70' title='bbox 1122 792 1403 843; x_wconf 88' lang='grc' dir='ltr'>Δημοσθένους</span> <span class='ocrx_word' id='word_1_71' title='bbox 1430 793 1627 834; x_wconf 88' lang='grc' dir='ltr'>Παιανιέα</span> <span class='ocrx_word' id='word_1_72' title='bbox 1654 798 1789 850; x_wconf 75' lang='grc' dir='ltr'>χρυσῷ</span> 
     </span>
     <span class='ocr_line' id='line_1_14' title="bbox 326 860 1789 914; baseline 0.003 -15"><span class='ocrx_word' id='word_1_73' title='bbox 326 860 510 914; x_wconf 81' lang='grc' dir='ltr'>στεφάνῳ</span> <span class='ocrx_word' id='word_1_74' title='bbox 540 862 678 913; x_wconf 83' lang='grc' dir='ltr'>ἀρετῆς</span> <span class='ocrx_word' id='word_1_75' title='bbox 707 862 833 907; x_wconf 86' lang='grc' dir='ltr'>ἕνεκα,</span> <span class='ocrx_word' id='word_1_76' title='bbox 863 862 924 900; x_wconf 81' lang='grc' dir='ltr'>καὶ</span> <span class='ocrx_word' id='word_1_77' title='bbox 957 861 1110 902; x_wconf 87' lang='grc' dir='ltr'>εὐνοίας</span> <span class='ocrx_word' id='word_1_78' title='bbox 1137 860 1181 911; x_wconf 81' lang='grc' dir='ltr'>ἧς</span> <span class='ocrx_word' id='word_1_79' title='bbox 1210 860 1313 913; x_wconf 80' lang='grc' dir='ltr'>ἔχων</span> <span class='ocrx_word' id='word_1_80' title='bbox 1343 863 1518 900; x_wconf 83' lang='grc' dir='ltr'>διατελεῖ</span> <span class='ocrx_word' id='word_1_81' title='bbox 1547 862 1601 902; x_wconf 84' lang='grc' dir='ltr'>ε’ίς</span> <span class='ocrx_word' id='word_1_82' title='bbox 1628 877 1669 901; x_wconf 88' lang='grc' dir='ltr'>τε</span> <span class='ocrx_word' id='word_1_83' title='bbox 1701 861 1789 904; x_wconf 86' lang='grc' dir='ltr'>τοὺς</span> 
     </span>
     <span class='ocr_line' id='line_1_15' title="bbox 318 924 1841 980; baseline 0 -15"><span class='ocrx_word' id='word_1_84' title='bbox 318 924 525 978; x_wconf 81' lang='grc' dir='ltr'>Ἕλληνας</span> <span class='ocrx_word' id='word_1_85' title='bbox 554 928 728 970; x_wconf 80' lang='grc' dir='ltr'>ἅπαντας</span> <span class='ocrx_word' id='word_1_86' title='bbox 761 929 822 967; x_wconf 87' lang='grc' dir='ltr'>καὶ</span> <span class='ocrx_word' id='word_1_87' title='bbox 852 927 921 967; x_wconf 81' lang='grc' dir='ltr'>τὸν</span> <span class='ocrx_word' id='word_1_88' title='bbox 949 930 1069 977; x_wconf 86' lang='grc' dir='ltr'>δῆμον</span> <span class='ocrx_word' id='word_1_89' title='bbox 1096 926 1191 967; x_wconf 72' lang='grc' dir='ltr'>ετὸν</span> <span class='ocrx_word' id='word_1_90' title='bbox 1216 926 1450 977; x_wconf 85' lang='grc' dir='ltr'>Ἀθηναίων,</span> <span class='ocrx_word' id='word_1_91' title='bbox 1481 927 1542 966; x_wconf 87' lang='grc' dir='ltr'>καὶ</span> <span class='ocrx_word' id='word_1_92' title='bbox 1570 927 1787 980; x_wconf 57' lang='grc' dir='ltr'>ῐᾶνδραγα-</span> <span class='ocrx_word' id='word_1_93' title='bbox 1801 942 1841 966; x_wconf 86' lang='lat'>20</span> 
     </span>
     <span class='ocr_line' id='line_1_16' title="bbox 325 993 1788 1050; baseline 0.001 -16"><span class='ocrx_word' id='word_1_94' title='bbox 325 995 422 1043; x_wconf 75' lang='grc' dir='ltr'>θίας,</span> <span class='ocrx_word' id='word_1_95' title='bbox 447 996 508 1035; x_wconf 84' lang='grc' dir='ltr'>καὶ</span> <span class='ocrx_word' id='word_1_96' title='bbox 532 996 660 1035; x_wconf 63' lang='grc' dir='ltr'>ι1διότι</span> <span class='ocrx_word' id='word_1_97' title='bbox 681 998 856 1036; x_wconf 87' lang='grc' dir='ltr'>διατελεῖ</span> <span class='ocrx_word' id='word_1_98' title='bbox 880 994 1059 1047; x_wconf 86' lang='grc' dir='ltr'>πράττων</span> <span class='ocrx_word' id='word_1_99' title='bbox 1085 995 1147 1035; x_wconf 87' lang='grc' dir='ltr'>καὶ</span> <span class='ocrx_word' id='word_1_100' title='bbox 1173 995 1306 1046; x_wconf 90' lang='grc' dir='ltr'>λέγων</span> <span class='ocrx_word' id='word_1_101' title='bbox 1326 996 1374 1034; x_wconf 79' lang='grc' dir='ltr'>τὰ</span> <span class='ocrx_word' id='word_1_102' title='bbox 1394 993 1589 1045; x_wconf 86' lang='grc' dir='ltr'>βέλτιστα</span> <span class='ocrx_word' id='word_1_103' title='bbox 1612 997 1660 1049; x_wconf 76' lang='grc' dir='ltr'>τῷ</span> <span class='ocrx_word' id='word_1_104' title='bbox 1684 995 1788 1050; x_wconf 83' lang='grc' dir='ltr'>δήμῳ</span> 
     </span>
     <span class='ocr_line' id='line_1_17' title="bbox 327 1059 1930 1114; baseline 0.001 -13"><span class='ocrx_word' id='word_1_105' title='bbox 327 1062 388 1102; x_wconf 83' lang='grc' dir='ltr'>καὶ</span> <span class='ocrx_word' id='word_1_106' title='bbox 415 1063 612 1113; x_wconf 89' lang='grc' dir='ltr'>πρόθυμός</span> <span class='ocrx_word' id='word_1_107' title='bbox 641 1064 726 1103; x_wconf 88' lang='grc' dir='ltr'>ἐστι</span> <span class='ocrx_word' id='word_1_108' title='bbox 753 1067 882 1103; x_wconf 87' lang='grc' dir='ltr'>ποιεῖν</span> <span class='ocrx_word' id='word_1_109' title='bbox 910 1064 932 1102; x_wconf 86' lang='grc' dir='ltr'>ὅ</span> <span class='ocrx_word' id='word_1_110' title='bbox 962 1079 997 1103; x_wconf 93' lang='grc' dir='ltr'>τι</span> <span class='ocrx_word' id='word_1_111' title='bbox 1027 1062 1076 1103; x_wconf 81' lang='grc' dir='ltr'>ἂν</span> <span class='ocrx_word' id='word_1_112' title='bbox 1104 1064 1261 1113; x_wconf 89' lang='grc' dir='ltr'>δύνηται</span> <span class='ocrx_word' id='word_1_113' title='bbox 1289 1062 1453 1114; x_wconf 82' lang='grc' dir='ltr'>ἀγαθὸν,</span> <span class='ocrx_word' id='word_1_114' title='bbox 1478 1061 1638 1102; x_wconf 75' lang='grc' dir='ltr'>Χπάντα</span> <span class='ocrx_word' id='word_1_115' title='bbox 1669 1065 1790 1104; x_wconf 79' lang='grc' dir='ltr'>ταῦτα</span> <span class='ocrx_word' id='word_1_116' title='bbox 1925 1059 1930 1103; x_wconf 64' lang='grc' dir='ltr'><strong>ἶ</strong></span> 
     </span>
    </p>

    <p class='ocr_par' dir='ltr' id='par_1_6' title="bbox 198 1124 1930 1456">
     <span class='ocr_line' id='line_1_18' title="bbox 198 1124 1789 1182; baseline 0.002 -14"><span class='ocrx_word' id='word_1_117' title='bbox 198 1124 252 1164; x_wconf 81' lang='lat'>68</span> <span class='ocrx_word' id='word_1_118' title='bbox 324 1132 452 1181; x_wconf 84' lang='grc' dir='ltr'>ψευδῆ</span> <span class='ocrx_word' id='word_1_119' title='bbox 477 1129 637 1182; x_wconf 80' lang='grc' dir='ltr'>γράψας</span> <span class='ocrx_word' id='word_1_120' title='bbox 662 1131 724 1170; x_wconf 86' lang='grc' dir='ltr'>καὶ</span> <span class='ocrx_word' id='word_1_121' title='bbox 751 1129 974 1182; x_wconf 87' lang='grc' dir='ltr'>παράνομα,</span> <span class='ocrx_word' id='word_1_122' title='bbox 995 1133 1073 1169; x_wconf 86' lang='grc' dir='ltr'>τῶν</span> <span class='ocrx_word' id='word_1_123' title='bbox 1095 1130 1223 1180; x_wconf 87' lang='grc' dir='ltr'>νόμων</span> <span class='ocrx_word' id='word_1_124' title='bbox 1245 1129 1313 1169; x_wconf 82' lang='grc' dir='ltr'>οὐκ</span> <span class='ocrx_word' id='word_1_125' title='bbox 1336 1129 1490 1169; x_wconf 84' lang='grc' dir='ltr'>ἐώντων</span> <span class='ocrx_word' id='word_1_126' title='bbox 1510 1133 1663 1181; x_wconf 84' lang='grc' dir='ltr'>πρῶτον</span> <span class='ocrx_word' id='word_1_127' title='bbox 1683 1138 1701 1167; x_wconf 91' lang='lat' dir='ltr'>y</span> <span class='ocrx_word' id='word_1_128' title='bbox 1713 1134 1789 1181; x_wconf 88' lang='grc' dir='ltr'>μὲν</span> 
     </span>
     <span class='ocr_line' id='line_1_19' title="bbox 322 1196 1930 1250; baseline 0.001 -14"><span class='ocrx_word' id='word_1_129' title='bbox 322 1199 485 1248; x_wconf 79' lang='grc' dir='ltr'>ψευδεῖς</span> <span class='ocrx_word' id='word_1_130' title='bbox 530 1199 686 1250; x_wconf 77' lang='grc' dir='ltr'>γραφὰς</span> <span class='ocrx_word' id='word_1_131' title='bbox 731 1199 785 1240; x_wconf 85' lang='grc' dir='ltr'>εἰς</span> <span class='ocrx_word' id='word_1_132' title='bbox 830 1199 878 1237; x_wconf 82' lang='grc' dir='ltr'>τὰ</span> <span class='ocrx_word' id='word_1_133' title='bbox 923 1199 1090 1247; x_wconf 88' lang='grc' dir='ltr'>δημόσια</span> <span class='ocrx_word' id='word_1_134' title='bbox 1131 1196 1370 1249; x_wconf 77' lang='grc' dir='ltr'>Ζγράμματα</span> <span class='ocrx_word' id='word_1_135' title='bbox 1408 1205 1426 1224; x_wconf 86' lang='lat' dir='ltr'>a</span> <span class='ocrx_word' id='word_1_136' title='bbox 1445 1196 1784 1247; x_wconf 85' lang='grc' dir='ltr'>καταβάλλεσθαι,</span> <span class='ocrx_word' id='word_1_137' title='bbox 1800 1207 1838 1238; x_wconf 79' lang='lat'>²5</span> <span class='ocrx_word' id='word_1_138' title='bbox 1925 1213 1930 1246; x_wconf 53' lang='lat' dir='ltr'>J</span> 
     </span>
     <span class='ocr_line' id='line_1_20' title="bbox 323 1263 1928 1317; baseline 0.002 -14"><span class='ocrx_word' id='word_1_139' title='bbox 323 1263 406 1304; x_wconf 74' lang='grc' dir='ltr'>εἶτα</span> <span class='ocrx_word' id='word_1_140' title='bbox 437 1264 506 1304; x_wconf 86' lang='grc' dir='ltr'>τὸν</span> <span class='ocrx_word' id='word_1_141' title='bbox 535 1266 753 1305; x_wconf 84' lang='grc' dir='ltr'>ὑπεύθυνον</span> <span class='ocrx_word' id='word_1_142' title='bbox 787 1269 1014 1316; x_wconf 84' lang='grc' dir='ltr'>στεφανοῦν</span> <span class='ocrx_word' id='word_1_143' title='bbox 1046 1265 1148 1317; x_wconf 84' lang='grc' dir='ltr'>(ἔστι</span> <span class='ocrx_word' id='word_1_144' title='bbox 1176 1264 1248 1304; x_wconf 77' lang='grc' dir='ltr'>ι’δὲ</span> <span class='ocrx_word' id='word_1_145' title='bbox 1278 1263 1537 1315; x_wconf 79' lang='grc' dir='ltr'>Δημοσθένης</span> <span class='ocrx_word' id='word_1_146' title='bbox 1567 1264 1788 1317; x_wconf 83' lang='grc' dir='ltr'>τειχοποιὸς</span> <span class='ocrx_word' id='word_1_147' title='bbox 1925 1279 1928 1298; x_wconf 80' lang='grc'>·</span> 
     </span>
     <span class='ocr_line' id='line_1_21' title="bbox 323 1331 1928 1387; baseline 0.001 -16"><span class='ocrx_word' id='word_1_148' title='bbox 323 1331 385 1371; x_wconf 79' lang='grc' dir='ltr'>καὶ</span> <span class='ocrx_word' id='word_1_149' title='bbox 414 1332 477 1372; x_wconf 84' lang='grc' dir='ltr'>ἐπὶ</span> <span class='ocrx_word' id='word_1_150' title='bbox 506 1334 585 1386; x_wconf 74' lang='grc' dir='ltr'>οτῷ</span> <span class='ocrx_word' id='word_1_151' title='bbox 613 1333 781 1387; x_wconf 73' lang='grc' dir='ltr'>θεωρικῷ</span> <span class='ocrx_word' id='word_1_152' title='bbox 810 1333 1080 1385; x_wconf 87' lang='grc' dir='ltr'>τεταγμένος),</span> <span class='ocrx_word' id='word_1_153' title='bbox 1105 1332 1162 1371; x_wconf 82' lang='grc' dir='ltr'>ἔτι</span> <span class='ocrx_word' id='word_1_154' title='bbox 1189 1333 1229 1371; x_wconf 84' lang='grc' dir='ltr'>δὲ</span> <span class='ocrx_word' id='word_1_155' title='bbox 1256 1331 1307 1383; x_wconf 79' lang='grc' dir='ltr'>μὴ</span> <span class='ocrx_word' id='word_1_156' title='bbox 1329 1333 1585 1383; x_wconf 83' lang='grc' dir='ltr'>ἀναγορεύειν</span> <span class='ocrx_word' id='word_1_157' title='bbox 1605 1331 1673 1372; x_wconf 84' lang='grc' dir='ltr'>τὸν</span> <span class='ocrx_word' id='word_1_158' title='bbox 1694 1331 1783 1372; x_wconf 87' lang='grc' dir='ltr'>στέ-</span> <span class='ocrx_word' id='word_1_159' title='bbox 1925 1337 1928 1362; x_wconf 78' lang='lat'><strong>¹</strong></span> 
     </span>
     <span class='ocr_line' id='line_1_22' title="bbox 321 1398 1928 1456; baseline 0.001 -17"><span class='ocrx_word' id='word_1_160' title='bbox 321 1404 452 1451; x_wconf 90' lang='grc' dir='ltr'>φανον</span> <span class='ocrx_word' id='word_1_161' title='bbox 475 1401 518 1440; x_wconf 86' lang='grc' dir='ltr'>ἐν</span> <span class='ocrx_word' id='word_1_162' title='bbox 540 1402 590 1454; x_wconf 73' lang='grc' dir='ltr'>τῷ</span> <span class='ocrx_word' id='word_1_163' title='bbox 614 1401 761 1455; x_wconf 78' lang='grc' dir='ltr'>θεάτρῳ</span> <span class='ocrx_word' id='word_1_164' title='bbox 786 1401 1013 1442; x_wconf 84' lang='grc' dir='ltr'>Διονυσίοις</span> <span class='ocrx_word' id='word_1_165' title='bbox 1033 1404 1242 1454; x_wconf 80' lang='grc' dir='ltr'>τραγῳδῶν</span> <span class='ocrx_word' id='word_1_166' title='bbox 1264 1399 1337 1455; x_wconf 61' lang='grc' dir='ltr'>(1τῇ</span> <span class='ocrx_word' id='word_1_167' title='bbox 1360 1402 1487 1454; x_wconf 80' lang='grc' dir='ltr'>καινῇ,</span> <span class='ocrx_word' id='word_1_168' title='bbox 1512 1398 1600 1439; x_wconf 87' lang='grc' dir='ltr'>ἀλλ’</span> <span class='ocrx_word' id='word_1_169' title='bbox 1625 1401 1695 1440; x_wconf 78' lang='grc' dir='ltr'>ἐὰν</span> <span class='ocrx_word' id='word_1_170' title='bbox 1713 1401 1788 1451; x_wconf 84' lang='grc' dir='ltr'>μὲν</span> <span class='ocrx_word' id='word_1_171' title='bbox 1802 1409 1882 1450; x_wconf 83' lang='grc'>244</span> <span class='ocrx_word' id='word_1_172' title='bbox 1924 1412 1928 1456; x_wconf 61' lang='grc' dir='ltr'>ι</span> 
     </span>
    </p>

    <p class='ocr_par' dir='ltr' id='par_1_7' title="bbox 321 1457 1927 1527">
     <span class='ocr_line' id='line_1_23' title="bbox 321 1457 1927 1527; baseline 0.001 -22"><span class='ocrx_word' id='word_1_173' title='bbox 321 1466 344 1516; x_wconf 86' lang='grc' dir='ltr'>ἡ</span> <span class='ocrx_word' id='word_1_174' title='bbox 364 1466 494 1516; x_wconf 78' lang='grc' dir='ltr'>βουλὴ</span> <span class='ocrx_word' id='word_1_175' title='bbox 516 1470 725 1518; x_wconf 89' lang='grc' dir='ltr'>στεφανοῖ,</span> <span class='ocrx_word' id='word_1_176' title='bbox 748 1468 790 1506; x_wconf 88' lang='grc' dir='ltr'>ἐν</span> <span class='ocrx_word' id='word_1_177' title='bbox 812 1469 863 1521; x_wconf 78' lang='grc' dir='ltr'>τῷ</span> <span class='ocrx_word' id='word_1_178' title='bbox 888 1467 1154 1520; x_wconf 81' lang='grc' dir='ltr'>βουλευτηρίῳ</span> <span class='ocrx_word' id='word_1_179' title='bbox 1177 1467 1368 1514; x_wconf 84' lang='grc' dir='ltr'>ἀνειπεῖν,</span> <span class='ocrx_word' id='word_1_180' title='bbox 1392 1467 1462 1506; x_wconf 83' lang='grc' dir='ltr'>ἐὰν</span> <span class='ocrx_word' id='word_1_181' title='bbox 1484 1467 1526 1506; x_wconf 83' lang='grc' dir='ltr'>δὲ</span> <span class='ocrx_word' id='word_1_182' title='bbox 1547 1467 1569 1516; x_wconf 89' lang='grc' dir='ltr'>ἡ</span> <span class='ocrx_word' id='word_1_183' title='bbox 1590 1467 1720 1515; x_wconf 84' lang='grc' dir='ltr'>πόλις,</span> <span class='ocrx_word' id='word_1_184' title='bbox 1745 1468 1789 1507; x_wconf 85' lang='grc' dir='ltr'>ἐν</span> <span class='ocrx_word' id='word_1_185' title='bbox 1923 1457 1927 1527; x_wconf 59' lang='grc' dir='ltr'>ἔ</span> 
     </span>
    </p>

    <p class='ocr_par' dir='ltr' id='par_1_8' title="bbox 321 1531 1925 1588">
     <span class='ocr_line' id='line_1_24' title="bbox 321 1531 1925 1588; baseline 0 -15"><span class='ocrx_word' id='word_1_186' title='bbox 321 1535 465 1574; x_wconf 70' lang='grc' dir='ltr'>Θπυκνὶ</span> <span class='ocrx_word' id='word_1_187' title='bbox 497 1533 568 1574; x_wconf 59' lang='grc' dir='ltr'>Ῑέν</span> <span class='ocrx_word' id='word_1_188' title='bbox 601 1535 645 1585; x_wconf 80' lang='grc' dir='ltr'>τῇ</span> <span class='ocrx_word' id='word_1_189' title='bbox 683 1535 885 1588; x_wconf 74' lang='grc' dir='ltr'>ἐκκλησίᾳ.</span> <span class='ocrx_word' id='word_1_190' title='bbox 937 1535 1080 1585; x_wconf 88' lang='grc' dir='ltr'>τίμημα</span> <span class='ocrx_word' id='word_1_191' title='bbox 1115 1533 1321 1574; x_wconf 60' lang='grc' dir='ltr'>ἕτάλαντα</span> <span class='ocrx_word' id='word_1_192' title='bbox 1355 1533 1609 1584; x_wconf 83' lang='grc' dir='ltr'>πεντήκοντα.</span> <span class='ocrx_word' id='word_1_193' title='bbox 1661 1532 1788 1584; x_wconf 63' lang='grc' dir='ltr'>ὴκλη-</span> <span class='ocrx_word' id='word_1_194' title='bbox 1923 1531 1925 1542; x_wconf 60' lang='lat'><em>⁶</em></span> 
     </span>
    </p>

    <p class='ocr_par' dir='ltr' id='par_1_9' title="bbox 320 1581 1926 1719">
     <span class='ocr_line' id='line_1_25' title="bbox 320 1581 1926 1655; baseline 0 -15"><span class='ocrx_word' id='word_1_195' title='bbox 320 1604 431 1653; x_wconf 82' lang='grc' dir='ltr'>τῆρες</span> <span class='ocrx_word' id='word_1_196' title='bbox 453 1605 701 1654; x_wconf 84' lang='grc' dir='ltr'>Κηφισοφῶν</span> <span class='ocrx_word' id='word_1_197' title='bbox 725 1605 1036 1654; x_wconf 85' lang='grc' dir='ltr'>Κηφισοφῶντος</span> <span class='ocrx_word' id='word_1_198' title='bbox 1055 1601 1324 1654; x_wconf 86' lang='grc' dir='ltr'>Ῥαμνούσιος,</span> <span class='ocrx_word' id='word_1_199' title='bbox 1345 1602 1485 1642; x_wconf 88' lang='grc' dir='ltr'>Κλέων</span> <span class='ocrx_word' id='word_1_200' title='bbox 1503 1601 1688 1644; x_wconf 87' lang='grc' dir='ltr'>Κλέωνος</span> <span class='ocrx_word' id='word_1_201' title='bbox 1710 1605 1815 1642; x_wconf 84' lang='grc' dir='ltr'>Κο-5</span> <span class='ocrx_word' id='word_1_202' title='bbox 1922 1581 1926 1655; x_wconf 61' lang='grc' dir='ltr'><strong>ἶ</strong></span> 
     </span>
     <span class='ocr_line' id='line_1_26' title="bbox 322 1668 1925 1719; baseline -0.001 -10"><span class='ocrx_word' id='word_1_203' title='bbox 322 1672 496 1719; x_wconf 87' lang='grc' dir='ltr'>θωκίδης.</span> <span class='ocrx_word' id='word_1_204' title='bbox 1922 1668 1925 1695; x_wconf 78' lang='lat'>¹</span> 
     </span>
    </p>

    <p class='ocr_par' dir='ltr' id='par_1_10' title="bbox 196 1736 1734 1788">
     <span class='ocr_line' id='line_1_27' title="bbox 196 1736 1734 1788; baseline -0.002 -32"><span class='ocrx_word' id='word_1_205' title='bbox 196 1742 220 1780; x_wconf 83' lang='lat'><strong>6</strong></span> <span class='ocrx_word' id='word_1_206' title='bbox 328 1736 396 1788; x_wconf 45' lang='lat' dir='ltr'>&amp;A</span> <span class='ocrx_word' id='word_1_207' title='bbox 478 1737 489 1756; x_wconf 66' lang='lat' dir='ltr'>x</span> <span class='ocrx_word' id='word_1_208' title='bbox 554 1740 580 1788; x_wconf 80' lang='grc' dir='ltr'><em>δ</em></span> <span class='ocrx_word' id='word_1_209' title='bbox 621 1737 633 1754; x_wconf 74' lang='lat' dir='ltr'><em>t</em></span> <span class='ocrx_word' id='word_1_210' title='bbox 806 1744 826 1753; x_wconf 48' lang='grc' dir='ltr'>Α</span> <span class='ocrx_word' id='word_1_211' title='bbox 989 1739 999 1754; x_wconf 77' lang='grc' dir='ltr'>ι</span> <span class='ocrx_word' id='word_1_212' title='bbox 1228 1737 1239 1764; x_wconf 72' lang='lat' dir='ltr'>i</span> <span class='ocrx_word' id='word_1_213' title='bbox 1269 1736 1288 1758; x_wconf 64' lang='grc' dir='ltr'>’ς</span> <span class='ocrx_word' id='word_1_214' title='bbox 1342 1738 1363 1755; x_wconf 76' lang='lat' dir='ltr'>»t</span> <span class='ocrx_word' id='word_1_215' title='bbox 1530 1742 1541 1761; x_wconf 73' lang='lat'>9</span> <span class='ocrx_word' id='word_1_216' title='bbox 1714 1743 1734 1752; x_wconf 59' lang='grc' dir='ltr'>Α</span> 
     </span>
    </p>

    <p class='ocr_par' dir='ltr' id='par_1_11' title="bbox 226 1740 1838 2142">
     <span class='ocr_line' id='line_1_28' title="bbox 226 1740 1786 1806; baseline 0.001 -18"><span class='ocrx_word' id='word_1_217' title='bbox 226 1753 249 1793; x_wconf 89' lang='grc'>9</span> <span class='ocrx_word' id='word_1_218' title='bbox 434 1761 518 1800; x_wconf 88' lang='grc' dir='ltr'>μεν</span> <span class='ocrx_word' id='word_1_219' title='bbox 583 1761 705 1788; x_wconf 86' lang='grc' dir='ltr'>ιωκει</span> <span class='ocrx_word' id='word_1_220' title='bbox 743 1761 827 1789; x_wconf 89' lang='grc' dir='ltr'>του</span> <span class='ocrx_word' id='word_1_221' title='bbox 861 1742 1193 1806; x_wconf 82' lang='grc' dir='ltr'>ψηφισματος,</span> <span class='ocrx_word' id='word_1_222' title='bbox 1253 1761 1289 1788; x_wconf 92' lang='grc' dir='ltr'>ω</span> <span class='ocrx_word' id='word_1_223' title='bbox 1328 1740 1493 1805; x_wconf 84' lang='grc' dir='ltr'>ανδρες</span> <span class='ocrx_word' id='word_1_224' title='bbox 1546 1742 1786 1803; x_wconf 83' lang='grc' dir='ltr'>Αθηναιοι,</span> 
     </span>
     <span class='ocr_line' id='line_1_29' title="bbox 264 1819 1788 1888; baseline -0.001 -15"><span class='ocrx_word' id='word_1_225' title='bbox 264 1820 425 1873; x_wconf 69' lang='lat' dir='ltr'>krafir&#39;</span> <span class='ocrx_word' id='word_1_226' title='bbox 466 1823 610 1873; x_wconf 83' lang='grc' dir='ltr'>ἐστίν.</span> <span class='ocrx_word' id='word_1_227' title='bbox 675 1822 767 1888; x_wconf 81' lang='grc' dir='ltr'>ἐγώ</span> <span class='ocrx_word' id='word_1_228' title='bbox 806 1824 842 1873; x_wconf 81' lang='grc' dir='ltr'>δ’</span> <span class='ocrx_word' id='word_1_229' title='bbox 879 1823 958 1873; x_wconf 80' lang='grc' dir='ltr'>ἀπ’</span> <span class='ocrx_word' id='word_1_230' title='bbox 992 1823 1146 1873; x_wconf 80' lang='grc' dir='ltr'>αὐτῶν</span> <span class='ocrx_word' id='word_1_231' title='bbox 1185 1822 1364 1873; x_wconf 80' lang='grc' dir='ltr'>τούτων</span> <span class='ocrx_word' id='word_1_232' title='bbox 1407 1827 1596 1888; x_wconf 82' lang='grc' dir='ltr'>πρῶτον</span> <span class='ocrx_word' id='word_1_233' title='bbox 1634 1819 1788 1885; x_wconf 71' lang='grc' dir='ltr'>Ῑοῖμαι</span> 
     </span>
     <span class='ocr_line' id='line_1_30' title="bbox 263 1904 1781 1970; baseline 0 -15"><span class='ocrx_word' id='word_1_234' title='bbox 263 1908 410 1969; x_wconf 83' lang='grc' dir='ltr'>δῆλον</span> <span class='ocrx_word' id='word_1_235' title='bbox 450 1908 556 1968; x_wconf 85' lang='grc' dir='ltr'>ὑμῖν</span> <span class='ocrx_word' id='word_1_236' title='bbox 594 1905 810 1970; x_wconf 83' lang='grc' dir='ltr'>ποιήσειν</span> <span class='ocrx_word' id='word_1_237' title='bbox 856 1906 927 1956; x_wconf 82' lang='grc' dir='ltr'>ὅτι</span> <span class='ocrx_word' id='word_1_238' title='bbox 971 1905 1129 1956; x_wconf 81' lang='grc' dir='ltr'>πάντα</span> <span class='ocrx_word' id='word_1_239' title='bbox 1171 1906 1356 1959; x_wconf 86' lang='grc' dir='ltr'>δικαίως</span> <span class='ocrx_word' id='word_1_240' title='bbox 1395 1904 1781 1970; x_wconf 86' lang='grc' dir='ltr'>ἀπολογήσομαι·</span> 
     </span>
     <span class='ocr_line' id='line_1_31' title="bbox 260 1988 1787 2059; baseline 0 -20"><span class='ocrx_word' id='word_1_241' title='bbox 260 1988 347 2053; x_wconf 84' lang='grc' dir='ltr'>τὴν</span> <span class='ocrx_word' id='word_1_242' title='bbox 372 1989 466 2056; x_wconf 77' lang='grc' dir='ltr'>γὰρ</span> <span class='ocrx_word' id='word_1_243' title='bbox 488 1988 634 2054; x_wconf 80' lang='grc' dir='ltr'>αὐτὴν</span> <span class='ocrx_word' id='word_1_244' title='bbox 653 1990 803 2059; x_wconf 79' lang='grc' dir='ltr'>τούτῳ</span> <span class='ocrx_word' id='word_1_245' title='bbox 830 1989 1148 2054; x_wconf 81' lang='grc' dir='ltr'>ποιησάμενος</span> <span class='ocrx_word' id='word_1_246' title='bbox 1174 1994 1268 2040; x_wconf 82' lang='grc' dir='ltr'>τῶν</span> <span class='ocrx_word' id='word_1_247' title='bbox 1293 1990 1631 2056; x_wconf 78' lang='grc' dir='ltr'>γεγραμμένων</span> <span class='ocrx_word' id='word_1_248' title='bbox 1651 1988 1787 2057; x_wconf 75' lang='grc' dir='ltr'>τάξιν</span> 
     </span>
     <span class='ocr_line' id='line_1_32' title="bbox 259 2071 1838 2142; baseline -0.001 -18"><span class='ocrx_word' id='word_1_249' title='bbox 259 2075 366 2140; x_wconf 76' lang='grc' dir='ltr'>περὶ</span> <span class='ocrx_word' id='word_1_250' title='bbox 412 2073 604 2125; x_wconf 78' lang='grc' dir='ltr'>πάντων</span> <span class='ocrx_word' id='word_1_251' title='bbox 649 2076 736 2140; x_wconf 82' lang='grc' dir='ltr'>ἐρῶ</span> <span class='ocrx_word' id='word_1_252' title='bbox 782 2075 882 2125; x_wconf 87' lang='grc' dir='ltr'>καθ’</span> <span class='ocrx_word' id='word_1_253' title='bbox 925 2074 1127 2125; x_wconf 82' lang='grc' dir='ltr'>ἕκαστον</span> <span class='ocrx_word' id='word_1_254' title='bbox 1169 2074 1341 2142; x_wconf 76' lang='grc' dir='ltr'>ἐφεξῆς</span> <span class='ocrx_word' id='word_1_255' title='bbox 1381 2075 1456 2124; x_wconf 82' lang='grc' dir='ltr'>καὶ</span> <span class='ocrx_word' id='word_1_256' title='bbox 1501 2072 1632 2123; x_wconf 81' lang='grc' dir='ltr'>οὐδὲν</span> <span class='ocrx_word' id='word_1_257' title='bbox 1670 2071 1783 2123; x_wconf 81' lang='grc' dir='ltr'>ἑκών</span> <span class='ocrx_word' id='word_1_258' title='bbox 1798 2094 1838 2116; x_wconf 88' lang='lat'>10</span> 
     </span>
    </p>
   </div>
   <div class='ocr_carea' id='block_1_6' title="bbox 259 2156 1786 2226">
    <p class='ocr_par' dir='ltr' id='par_1_12' title="bbox 259 2156 1786 2226">
     <span class='ocr_line' id='line_1_33' title="bbox 259 2156 1786 2226; baseline -0.002 -17"><span class='ocrx_word' id='word_1_259' title='bbox 259 2159 563 2226; x_wconf 81' lang='grc' dir='ltr'>παραλείψω.</span> <span class='ocrx_word' id='word_1_260' title='bbox 627 2164 757 2208; x_wconf 70' lang='grc' dir='ltr'>1ητοῦ</span> <span class='ocrx_word' id='word_1_261' title='bbox 795 2157 880 2222; x_wconf 79' lang='grc' dir='ltr'>μὲν</span> <span class='ocrx_word' id='word_1_262' title='bbox 913 2158 994 2208; x_wconf 75' lang='grc' dir='ltr'>οὖν</span> <span class='ocrx_word' id='word_1_263' title='bbox 1026 2157 1251 2226; x_wconf 76' lang='grc' dir='ltr'>“γράψαι</span> <span class='ocrx_word' id='word_1_264' title='bbox 1288 2156 1559 2223; x_wconf 82' lang='grc' dir='ltr'>πράττοντα</span> <span class='ocrx_word' id='word_1_265' title='bbox 1598 2157 1672 2207; x_wconf 74' lang='grc' dir='ltr'>καὶ</span> <span class='ocrx_word' id='word_1_266' title='bbox 1708 2156 1786 2207; x_wconf 79' lang='grc' dir='ltr'>λε’-</span> 
     </span>
    </p>
   </div>
   <div class='ocr_carea' id='block_1_7' title="bbox 255 2295 1930 2772">
    <p class='ocr_par' dir='ltr' id='par_1_13' title="bbox 255 2295 1930 2772">
     <span class='ocr_line' id='line_1_34' title="bbox 314 2295 1785 2345; baseline -0.003 -12"><span class='ocrx_word' id='word_1_267' title='bbox 314 2305 333 2324; x_wconf 89' lang='lat'>0</span> <span class='ocrx_word' id='word_1_268' title='bbox 353 2299 565 2345; x_wconf 84' lang='grc' dir='ltr'>Χαιρώνδου]</span> <span class='ocrx_word' id='word_1_269' title='bbox 591 2299 794 2344; x_wconf 83' lang='grc' dir='ltr'>χαιρωνίδου</span> <span class='ocrx_word' id='word_1_270' title='bbox 813 2298 998 2343; x_wconf 82' lang='lat' dir='ltr'>A.k.p.r.s.</span> <span class='ocrx_word' id='word_1_271' title='bbox 1127 2302 1147 2330; x_wconf 87' lang='lat' dir='ltr'>P</span> <span class='ocrx_word' id='word_1_272' title='bbox 1167 2296 1332 2342; x_wconf 73' lang='grc' dir='ltr'>ἄρχοντος</span> <span class='ocrx_word' id='word_1_273' title='bbox 1353 2308 1423 2330; x_wconf 86' lang='lat' dir='ltr'>om.</span> <span class='ocrx_word' id='word_1_274' title='bbox 1444 2297 1486 2330; x_wconf 91' lang='lat' dir='ltr'>A.</span> <span class='ocrx_word' id='word_1_275' title='bbox 1608 2301 1628 2329; x_wconf 79' lang='lat' dir='ltr'>q</span> <span class='ocrx_word' id='word_1_276' title='bbox 1647 2295 1785 2341; x_wconf 89' lang='grc' dir='ltr'>γραφὴν</span> 
     </span>
     <span class='ocr_line' id='line_1_35' title="bbox 260 2349 1785 2398; baseline -0.003 -11"><span class='ocrx_word' id='word_1_277' title='bbox 260 2364 331 2387; x_wconf 88' lang='lat' dir='ltr'>om.</span> <span class='ocrx_word' id='word_1_278' title='bbox 354 2352 537 2391; x_wconf 85' lang='lat' dir='ltr'><strong>F.S.Y.Q.</strong></span> <span class='ocrx_word' id='word_1_279' title='bbox 625 2358 640 2376; x_wconf 73' lang='grc' dir='ltr'><strong>Γ</strong></span> <span class='ocrx_word' id='word_1_280' title='bbox 661 2351 895 2398; x_wconf 81' lang='grc' dir='ltr'>Λεωσθένους]</span> <span class='ocrx_word' id='word_1_281' title='bbox 920 2350 1147 2395; x_wconf 86' lang='grc' dir='ltr'>λεορσθένους</span> <span class='ocrx_word' id='word_1_282' title='bbox 1166 2351 1240 2384; x_wconf 84' lang='lat' dir='ltr'><strong>A.S.</strong></span> <span class='ocrx_word' id='word_1_283' title='bbox 1269 2350 1477 2384; x_wconf 86' lang='grc' dir='ltr'>λεοσθένους</span> <span class='ocrx_word' id='word_1_284' title='bbox 1496 2363 1552 2395; x_wconf 91' lang='grc' dir='ltr'>γρ.</span> <span class='ocrx_word' id='word_1_285' title='bbox 1574 2361 1603 2384; x_wconf 87' lang='lat' dir='ltr'>S.</span> <span class='ocrx_word' id='word_1_286' title='bbox 1689 2353 1704 2373; x_wconf 78' lang='lat' dir='ltr'>S</span> <span class='ocrx_word' id='word_1_287' title='bbox 1724 2349 1785 2382; x_wconf 89' lang='grc' dir='ltr'>τὸν</span> 
     </span>
     <span class='ocr_line' id='line_1_36' title="bbox 260 2401 1784 2451; baseline -0.003 -11"><span class='ocrx_word' id='word_1_288' title='bbox 260 2406 302 2440; x_wconf 90' lang='lat' dir='ltr'>Y.</span> <span class='ocrx_word' id='word_1_289' title='bbox 332 2410 400 2440; x_wconf 81' lang='grc' dir='ltr'>τῶν</span> <span class='ocrx_word' id='word_1_290' title='bbox 419 2406 539 2451; x_wconf 90' lang='lat' dir='ltr'><strong>vulgo.</strong></span> <span class='ocrx_word' id='word_1_291' title='bbox 639 2404 652 2429; x_wconf 69' lang='lat' dir='ltr'><strong>t</strong></span> <span class='ocrx_word' id='word_1_292' title='bbox 672 2403 915 2450; x_wconf 81' lang='grc' dir='ltr'>ἀνδραγαθίας]</span> <span class='ocrx_word' id='word_1_293' title='bbox 939 2403 1165 2449; x_wconf 84' lang='grc' dir='ltr'>ἀνδραγαθίας</span> <span class='ocrx_word' id='word_1_294' title='bbox 1184 2404 1284 2448; x_wconf 86' lang='grc' dir='ltr'>χάριν</span> <span class='ocrx_word' id='word_1_295' title='bbox 1303 2403 1457 2448; x_wconf 87' lang='lat' dir='ltr'><strong>A.k.p.s.</strong></span> <span class='ocrx_word' id='word_1_296' title='bbox 1561 2407 1582 2426; x_wconf 82' lang='lat'>¹1</span> <span class='ocrx_word' id='word_1_297' title='bbox 1603 2401 1706 2448; x_wconf 89' lang='grc' dir='ltr'>διότι]</span> <span class='ocrx_word' id='word_1_298' title='bbox 1731 2401 1784 2436; x_wconf 85' lang='grc' dir='ltr'>ὅτι</span> 
     </span>
     <span class='ocr_line' id='line_1_37' title="bbox 259 2456 1784 2505; baseline -0.003 -12"><span class='ocrx_word' id='word_1_299' title='bbox 259 2460 371 2493; x_wconf 87' lang='lat' dir='ltr'><strong>A.k.s.</strong></span> <span class='ocrx_word' id='word_1_300' title='bbox 465 2465 485 2484; x_wconf 76' lang='lat' dir='ltr'>X</span> <span class='ocrx_word' id='word_1_301' title='bbox 505 2460 615 2493; x_wconf 83' lang='grc' dir='ltr'>πάντα</span> <span class='ocrx_word' id='word_1_302' title='bbox 634 2458 756 2505; x_wconf 80' lang='grc' dir='ltr'>ταῦτα]</span> <span class='ocrx_word' id='word_1_303' title='bbox 778 2460 883 2491; x_wconf 84' lang='grc' dir='ltr'>ταῦτα</span> <span class='ocrx_word' id='word_1_304' title='bbox 902 2458 1011 2491; x_wconf 89' lang='grc' dir='ltr'>πάντα</span> <span class='ocrx_word' id='word_1_305' title='bbox 1031 2469 1097 2502; x_wconf 88' lang='lat' dir='ltr'>p.r.</span> <span class='ocrx_word' id='word_1_306' title='bbox 1194 2462 1212 2489; x_wconf 69' lang='lat' dir='ltr'><em>Y</em></span> <span class='ocrx_word' id='word_1_307' title='bbox 1231 2457 1293 2499; x_wconf 77' lang='grc' dir='ltr'>μὲν</span> <span class='ocrx_word' id='word_1_308' title='bbox 1313 2468 1382 2490; x_wconf 88' lang='lat' dir='ltr'>om.</span> <span class='ocrx_word' id='word_1_309' title='bbox 1403 2468 1471 2501; x_wconf 84' lang='lat' dir='ltr'><strong>p.r.</strong></span> <span class='ocrx_word' id='word_1_310' title='bbox 1566 2461 1584 2480; x_wconf 79' lang='grc' dir='ltr'><strong><em>Ζ</em></strong></span> <span class='ocrx_word' id='word_1_311' title='bbox 1603 2456 1784 2501; x_wconf 85' lang='grc' dir='ltr'>γράμματα</span> 
     </span>
     <span class='ocr_line' id='line_1_38' title="bbox 258 2508 1917 2558; baseline -0.003 -11"><span class='ocrx_word' id='word_1_312' title='bbox 258 2524 328 2547; x_wconf 90' lang='lat'>0111.</span> <span class='ocrx_word' id='word_1_313' title='bbox 347 2513 389 2547; x_wconf 84' lang='lat' dir='ltr'>Y.</span> <span class='ocrx_word' id='word_1_314' title='bbox 410 2518 491 2558; x_wconf 84' lang='lat' dir='ltr'>post</span> <span class='ocrx_word' id='word_1_315' title='bbox 511 2512 790 2553; x_wconf 83' lang='grc' dir='ltr'>καταβάλλεσθαι</span> <span class='ocrx_word' id='word_1_316' title='bbox 810 2511 911 2557; x_wconf 83' lang='lat' dir='ltr'>ponit</span> <span class='ocrx_word' id='word_1_317' title='bbox 929 2523 964 2556; x_wconf 88' lang='lat' dir='ltr'>p.</span> <span class='ocrx_word' id='word_1_318' title='bbox 1090 2515 1109 2534; x_wconf 72' lang='lat' dir='ltr'>a</span> <span class='ocrx_word' id='word_1_319' title='bbox 1128 2509 1425 2554; x_wconf 78' lang='grc' dir='ltr'>καταβάλλεσθαι]</span> <span class='ocrx_word' id='word_1_320' title='bbox 1451 2509 1647 2550; x_wconf 82' lang='grc' dir='ltr'>βάλλεσθαι</span> <span class='ocrx_word' id='word_1_321' title='bbox 1667 2521 1719 2554; x_wconf 86' lang='lat' dir='ltr'>pr.</span> <span class='ocrx_word' id='word_1_322' title='bbox 1737 2508 1781 2543; x_wconf 89' lang='grc' dir='ltr'><strong>Ο.</strong></span> <span class='ocrx_word' id='word_1_323' title='bbox 1916 2542 1917 2545; x_wconf 68' lang='grc'>,</span> 
     </span>
     <span class='ocr_line' id='line_1_39' title="bbox 257 2561 1917 2611; baseline -0.003 -11"><span class='ocrx_word' id='word_1_324' title='bbox 257 2562 278 2592; x_wconf 77' lang='lat' dir='ltr'>b</span> <span class='ocrx_word' id='word_1_325' title='bbox 299 2567 335 2600; x_wconf 80' lang='grc' dir='ltr'>δέ</span> <span class='ocrx_word' id='word_1_326' title='bbox 356 2578 425 2600; x_wconf 83' lang='grc'><strong>0111.</strong></span> <span class='ocrx_word' id='word_1_327' title='bbox 449 2565 734 2605; x_wconf 83' lang='lat' dir='ltr'>S.Y.Q.O.t.u.v.</span> <span class='ocrx_word' id='word_1_328' title='bbox 837 2570 854 2589; x_wconf 80' lang='lat'><strong>⁰</strong></span> <span class='ocrx_word' id='word_1_329' title='bbox 873 2566 920 2611; x_wconf 80' lang='grc' dir='ltr'>τῷ</span> <span class='ocrx_word' id='word_1_330' title='bbox 940 2562 1105 2610; x_wconf 81' lang='grc' dir='ltr'>θεωρικῷ]</span> <span class='ocrx_word' id='word_1_331' title='bbox 1129 2565 1196 2597; x_wconf 80' lang='grc' dir='ltr'>τῶν</span> <span class='ocrx_word' id='word_1_332' title='bbox 1215 2562 1383 2608; x_wconf 82' lang='grc' dir='ltr'>θεωρικῶν</span> <span class='ocrx_word' id='word_1_333' title='bbox 1404 2562 1581 2596; x_wconf 88' lang='lat' dir='ltr'><strong>O.r.t.u.v.</strong></span> <span class='ocrx_word' id='word_1_334' title='bbox 1611 2566 1678 2596; x_wconf 82' lang='grc' dir='ltr'>τῶν</span> <span class='ocrx_word' id='word_1_335' title='bbox 1698 2561 1780 2596; x_wconf 91' lang='grc' dir='ltr'>θεω-</span> <span class='ocrx_word' id='word_1_336' title='bbox 1914 2581 1917 2603; x_wconf 51' lang='lat'>5</span> 
     </span>
     <span class='ocr_line' id='line_1_40' title="bbox 255 2615 1930 2664; baseline -0.004 -11"><span class='ocrx_word' id='word_1_337' title='bbox 255 2621 338 2664; x_wconf 89' lang='grc' dir='ltr'>ριῶν</span> <span class='ocrx_word' id='word_1_338' title='bbox 358 2619 539 2658; x_wconf 84' lang='lat' dir='ltr'><strong>F.S.Y.Q.</strong></span> <span class='ocrx_word' id='word_1_339' title='bbox 651 2615 670 2643; x_wconf 82' lang='lat' dir='ltr'><strong>d</strong></span> <span class='ocrx_word' id='word_1_340' title='bbox 690 2620 730 2660; x_wconf 86' lang='grc' dir='ltr'>τῇ</span> <span class='ocrx_word' id='word_1_341' title='bbox 751 2617 863 2663; x_wconf 87' lang='grc' dir='ltr'>καινῇ]</span> <span class='ocrx_word' id='word_1_342' title='bbox 889 2620 1007 2650; x_wconf 86' lang='grc' dir='ltr'>καινῶν</span> <span class='ocrx_word' id='word_1_343' title='bbox 1027 2617 1172 2651; x_wconf 84' lang='lat' dir='ltr'>A.k.r.s.</span> <span class='ocrx_word' id='word_1_344' title='bbox 1195 2621 1230 2649; x_wconf 81' lang='lat' dir='ltr'>et</span> <span class='ocrx_word' id='word_1_345' title='bbox 1251 2628 1371 2661; x_wconf 84' lang='lat' dir='ltr'>margo</span> <span class='ocrx_word' id='word_1_346' title='bbox 1393 2615 1436 2649; x_wconf 93' lang='grc' dir='ltr'><strong>Ο.</strong></span> <span class='ocrx_word' id='word_1_347' title='bbox 1545 2619 1561 2640; x_wconf 72' lang='lat' dir='ltr'>e</span> <span class='ocrx_word' id='word_1_348' title='bbox 1581 2615 1680 2649; x_wconf 81' lang='grc' dir='ltr'>πυκνὶ</span> <span class='ocrx_word' id='word_1_349' title='bbox 1698 2615 1781 2648; x_wconf 87' lang='lat' dir='ltr'>A.S.</span> <span class='ocrx_word' id='word_1_350' title='bbox 1915 2619 1930 2644; x_wconf 51' lang='grc' dir='ltr'><strong>Ἃ</strong></span> 
     </span>
     <span class='ocr_line' id='line_1_41' title="bbox 256 2635 1917 2718; baseline -0.003 -12"><span class='ocrx_word' id='word_1_351' title='bbox 256 2672 415 2711; x_wconf 83' lang='lat' dir='ltr'><strong>Y.Q.s.t.</strong></span> <span class='ocrx_word' id='word_1_352' title='bbox 438 2678 473 2706; x_wconf 84' lang='lat' dir='ltr'>et</span> <span class='ocrx_word' id='word_1_353' title='bbox 494 2685 545 2718; x_wconf 83' lang='lat' dir='ltr'>pr.</span> <span class='ocrx_word' id='word_1_354' title='bbox 567 2672 645 2706; x_wconf 88' lang='lat' dir='ltr'><strong>F.k.</strong></span> <span class='ocrx_word' id='word_1_355' title='bbox 680 2672 779 2705; x_wconf 77' lang='grc' dir='ltr'>πνυκὶ</span> <span class='ocrx_word' id='word_1_356' title='bbox 798 2671 917 2716; x_wconf 85' lang='lat' dir='ltr'>vulgo.</span> <span class='ocrx_word' id='word_1_357' title='bbox 1073 2667 1088 2694; x_wconf 85' lang='lat' dir='ltr'>f</span> <span class='ocrx_word' id='word_1_358' title='bbox 1105 2670 1140 2703; x_wconf 83' lang='grc' dir='ltr'>ἐν</span> <span class='ocrx_word' id='word_1_359' title='bbox 1160 2674 1241 2703; x_wconf 80' lang='lat' dir='ltr'><strong>ante</strong></span> <span class='ocrx_word' id='word_1_360' title='bbox 1262 2669 1423 2713; x_wconf 83' lang='grc' dir='ltr'>ἐκκλησίᾳ</span> <span class='ocrx_word' id='word_1_361' title='bbox 1444 2680 1515 2702; x_wconf 88' lang='lat' dir='ltr'>om.</span> <span class='ocrx_word' id='word_1_362' title='bbox 1538 2669 1691 2713; x_wconf 87' lang='lat' dir='ltr'><strong>A.k.p.s.</strong></span> <span class='ocrx_word' id='word_1_363' title='bbox 1722 2679 1781 2702; x_wconf 86' lang='lat' dir='ltr'>ex·</span> <span class='ocrx_word' id='word_1_364' title='bbox 1913 2635 1917 2712; x_wconf 64' lang='grc' dir='ltr'>Ι</span> 
     </span>
     <span class='ocr_line' id='line_1_42' title="bbox 256 2721 1782 2772; baseline -0.004 -12"><span class='ocrx_word' id='word_1_365' title='bbox 256 2726 384 2772; x_wconf 83' lang='lat' dir='ltr'>pungit</span> <span class='ocrx_word' id='word_1_366' title='bbox 403 2739 430 2760; x_wconf 88' lang='lat' dir='ltr'>r.</span> <span class='ocrx_word' id='word_1_367' title='bbox 461 2725 567 2761; x_wconf 88' lang='lat' dir='ltr'>Conf.</span> <span class='ocrx_word' id='word_1_368' title='bbox 588 2726 632 2759; x_wconf 86' lang='lat' dir='ltr'>ad</span> <span class='ocrx_word' id='word_1_369' title='bbox 652 2737 687 2770; x_wconf 90' lang='lat' dir='ltr'>p.</span> <span class='ocrx_word' id='word_1_370' title='bbox 702 2736 793 2770; x_wconf 82' lang='lat'>414,</span> <span class='ocrx_word' id='word_1_371' title='bbox 809 2731 846 2772; x_wconf 79' lang='lat'>5.</span> <span class='ocrx_word' id='word_1_372' title='bbox 934 2729 954 2757; x_wconf 73' lang='lat' dir='ltr'>g</span> <span class='ocrx_word' id='word_1_373' title='bbox 972 2724 1123 2757; x_wconf 81' lang='grc' dir='ltr'>τάλαντα</span> <span class='ocrx_word' id='word_1_374' title='bbox 1143 2722 1349 2765; x_wconf 83' lang='grc' dir='ltr'>πέντηκοντα</span> <span class='ocrx_word' id='word_1_375' title='bbox 1369 2722 1405 2755; x_wconf 89' lang='lat' dir='ltr'>in</span> <span class='ocrx_word' id='word_1_376' title='bbox 1425 2734 1535 2767; x_wconf 82' lang='lat' dir='ltr'>marg.</span> <span class='ocrx_word' id='word_1_377' title='bbox 1556 2721 1663 2755; x_wconf 84' lang='lat' dir='ltr'>habet</span> <span class='ocrx_word' id='word_1_378' title='bbox 1682 2722 1723 2755; x_wconf 84' lang='lat' dir='ltr'>A.</span> <span class='ocrx_word' id='word_1_379' title='bbox 1744 2721 1782 2754; x_wconf 89' lang='lat' dir='ltr'>in</span> 
     </span>
    </p>
   </div>
   <div class='ocr_carea' id='block_1_8' title="bbox 255 2784 1930 3012">
    <p class='ocr_par' dir='ltr' id='par_1_14' title="bbox 255 2784 1916 2955">
     <span class='ocr_line' id='line_1_43' title="bbox 257 2784 1916 2851; baseline -0.004 -11"><span class='ocrx_word' id='word_1_380' title='bbox 257 2816 327 2851; x_wconf 90' lang='lat' dir='ltr'>quo</span> <span class='ocrx_word' id='word_1_381' title='bbox 347 2818 515 2840; x_wconf 81' lang='lat' dir='ltr'>numerus</span> <span class='ocrx_word' id='word_1_382' title='bbox 534 2805 635 2839; x_wconf 79' lang='lat' dir='ltr'>litera</span> <span class='ocrx_word' id='word_1_383' title='bbox 655 2819 672 2838; x_wconf 88' lang='grc' dir='ltr'>ν</span> <span class='ocrx_word' id='word_1_384' title='bbox 692 2816 877 2850; x_wconf 79' lang='lat' dir='ltr'>expressus</span> <span class='ocrx_word' id='word_1_385' title='bbox 898 2808 962 2837; x_wconf 81' lang='lat' dir='ltr'>est.</span> <span class='ocrx_word' id='word_1_386' title='bbox 1102 2799 1122 2826; x_wconf 77' lang='lat' dir='ltr'><strong>h</strong></span> <span class='ocrx_word' id='word_1_387' title='bbox 1144 2802 1306 2847; x_wconf 81' lang='grc' dir='ltr'>κλητῆρες</span> <span class='ocrx_word' id='word_1_388' title='bbox 1326 2801 1526 2847; x_wconf 84' lang='lat' dir='ltr'><strong>A.O.k.p.s.</strong></span> <span class='ocrx_word' id='word_1_389' title='bbox 1559 2784 1720 2846; x_wconf 56' lang='grc' dir='ltr'>κλητῃρες</span> <span class='ocrx_word' id='word_1_390' title='bbox 1739 2813 1774 2835; x_wconf 89' lang='lat' dir='ltr'>u.</span> <span class='ocrx_word' id='word_1_391' title='bbox 1912 2829 1916 2850; x_wconf 43' lang='lat' dir='ltr'>y</span> 
     </span>
     <span class='ocr_line' id='line_1_44' title="bbox 258 2850 1915 2904; baseline -0.003 -12"><span class='ocrx_word' id='word_1_392' title='bbox 258 2858 458 2904; x_wconf 79' lang='lat' dir='ltr'>Legebatur</span> <span class='ocrx_word' id='word_1_393' title='bbox 478 2859 651 2904; x_wconf 67' lang='grc' dir='ltr'>κλήτορες.</span> <span class='ocrx_word' id='word_1_394' title='bbox 725 2855 733 2883; x_wconf 69' lang='lat' dir='ltr'>i</span> <span class='ocrx_word' id='word_1_395' title='bbox 755 2855 781 2891; x_wconf 62' lang='lat' dir='ltr'>a}</span> <span class='ocrx_word' id='word_1_396' title='bbox 800 2857 918 2902; x_wconf 69' lang='grc' dir='ltr'>ἄνδρες</span> <span class='ocrx_word' id='word_1_397' title='bbox 937 2855 1109 2899; x_wconf 80' lang='grc' dir='ltr'>Ἀθηναῖοι</span> <span class='ocrx_word' id='word_1_398' title='bbox 1129 2867 1199 2889; x_wconf 87' lang='lat' dir='ltr'>om.</span> <span class='ocrx_word' id='word_1_399' title='bbox 1221 2855 1258 2889; x_wconf 90' lang='lat' dir='ltr'>k.</span> <span class='ocrx_word' id='word_1_400' title='bbox 1290 2854 1408 2900; x_wconf 78' lang='grc' dir='ltr'>ἅνδρες</span> <span class='ocrx_word' id='word_1_401' title='bbox 1428 2867 1497 2888; x_wconf 89' lang='lat' dir='ltr'>om.</span> <span class='ocrx_word' id='word_1_402' title='bbox 1519 2866 1554 2899; x_wconf 89' lang='lat' dir='ltr'>p.</span> <span class='ocrx_word' id='word_1_403' title='bbox 1624 2850 1643 2878; x_wconf 79' lang='lat' dir='ltr'><strong>k</strong></span> <span class='ocrx_word' id='word_1_404' title='bbox 1665 2852 1776 2900; x_wconf 84' lang='grc' dir='ltr'>ταῦτ’]</span> <span class='ocrx_word' id='word_1_405' title='bbox 1912 2864 1915 2895; x_wconf 81' lang='grc' dir='ltr'>Ι</span> 
     </span>
     <span class='ocr_line' id='line_1_45' title="bbox 255 2906 1780 2955; baseline -0.001 -11"><span class='ocrx_word' id='word_1_406' title='bbox 255 2914 347 2945; x_wconf 80' lang='grc' dir='ltr'>τοῦτ’</span> <span class='ocrx_word' id='word_1_407' title='bbox 369 2925 403 2946; x_wconf 90' lang='lat' dir='ltr'>u.</span> <span class='ocrx_word' id='word_1_408' title='bbox 484 2909 494 2936; x_wconf 84' lang='grc' dir='ltr'><strong>Ῑ</strong></span> <span class='ocrx_word' id='word_1_409' title='bbox 514 2909 605 2955; x_wconf 79' lang='grc' dir='ltr'>οἶμαι</span> <span class='ocrx_word' id='word_1_410' title='bbox 628 2910 915 2949; x_wconf 81' lang='lat' dir='ltr'><strong>F.S.Y.Q.t.u.v.</strong></span> <span class='ocrx_word' id='word_1_411' title='bbox 938 2915 974 2944; x_wconf 77' lang='lat' dir='ltr'>et</span> <span class='ocrx_word' id='word_1_412' title='bbox 992 2924 1049 2955; x_wconf 88' lang='grc' dir='ltr'>γρ.</span> <span class='ocrx_word' id='word_1_413' title='bbox 1071 2921 1098 2943; x_wconf 87' lang='lat' dir='ltr'>S.</span> <span class='ocrx_word' id='word_1_414' title='bbox 1129 2907 1241 2953; x_wconf 75' lang='grc' dir='ltr'>οἴομαι</span> <span class='ocrx_word' id='word_1_415' title='bbox 1259 2909 1378 2954; x_wconf 69' lang='lat' dir='ltr'><strong>vulgo.</strong></span> <span class='ocrx_word' id='word_1_416' title='bbox 1455 2913 1484 2932; x_wconf 80' lang='lat'>¹¹¹</span> <span class='ocrx_word' id='word_1_417' title='bbox 1505 2906 1583 2952; x_wconf 84' lang='grc' dir='ltr'>τοῦ]</span> <span class='ocrx_word' id='word_1_418' title='bbox 1608 2907 1647 2941; x_wconf 90' lang='grc' dir='ltr'>τὸ</span> <span class='ocrx_word' id='word_1_419' title='bbox 1666 2908 1780 2942; x_wconf 81' lang='lat' dir='ltr'><strong>A.k.S.</strong></span> 
     </span>
    </p>

    <p class='ocr_par' dir='ltr' id='par_1_15' title="bbox 258 2965 1930 3012">
     <span class='ocr_line' id='line_1_46' title="bbox 258 2965 1930 3012; baseline -0.007 -13"><span class='ocrx_word' id='word_1_420' title='bbox 258 2968 278 2988; x_wconf 77' lang='lat'>¹¹</span> <span class='ocrx_word' id='word_1_421' title='bbox 297 2965 432 3010; x_wconf 77' lang='grc' dir='ltr'>γράψαι</span> <span class='ocrx_word' id='word_1_422' title='bbox 452 2977 523 2999; x_wconf 88' lang='lat' dir='ltr'>om.</span> <span class='ocrx_word' id='word_1_423' title='bbox 545 2965 657 2999; x_wconf 83' lang='lat' dir='ltr'>A.k.s.</span> <span class='ocrx_word' id='word_1_424' title='bbox 1911 2978 1930 3012; x_wconf 46' lang='grc' dir='ltr'>ἰ.</span> 
     </span>
    </p>
   </div>
  </div>
 </body>
</html>
