1903 3271
55 181 211 221 -444‚
227 185 262 209 3.
550 171 675 209 ΠΕΡΙ
705 171 817 209 ΤΗΣ
849 171 1310 212 ΠΑΡΑΠΡΕΣΒΕΙΑΣ.
1606 172 1691 219 469

179 303 274 331 τειν
297 281 550 347 περιέσται,
577 280 853 349 συνέγραψε
888 281 926 331 δ’
954 281 1214 346 ἐπιστολὴν
1245 285 1307 337 ὡς
1345 285 1477 347 ὑμᾶς,
1505 283 1553 352 Ῑῇ
1590 283 1684 348 μοί-
1701 299 1718 331 5

83 362 310 416 364λιστ’
350 363 407 413 ἂν
448 362 562 432 ᾤετο
602 366 686 426 τῆς
728 362 908 429 εἰρήνης
941 368 1110 430 τυχεῖν.
1152 363 1211 427 ἧν
1252 367 1289 414 δ’
1331 366 1461 417 οὐδὲν
1500 372 1690 430 μᾶλλον

178 446 318 512 ῙῙ’μέγ’
347 447 471 515 αὐτῷ
508 448 635 496 ι1καθ’
666 447 793 508 ὑμῶν
828 447 921 496 οὐδ’
949 447 1070 496 οὕτω
1107 448 1297 515 πρᾶξαι,
1326 453 1363 499 εἰ
1397 449 1462 512 μὴ
1500 450 1691 503 Φωκέας

177 531 358 581 ἀπολεῖ.
401 535 538 579 τοῦτο
564 531 602 580 δ’
631 531 713 580 οὐκ
751 529 808 593 ἦν
845 531 1056 595 εὔπορον·
1101 534 1307 594 συνῆκτο
1342 531 1433 597 γὰρ
1469 533 1593 601 αὐτῷ
1630 533 1690 583 τὰ

176 612 447 679 πράγματα,
477 613 639 679 ὥσπερ
668 615 718 664 ἐκ
743 613 900 680 τύχης,
927 618 988 667 εἶς
1024 613 1183 680 καιρὸν
1213 621 1434 678 τοιοῦτον,
1462 615 1587 666 ὥστε
1626 615 1744 680 οῆῐο

176 697 320 762 μηδὲν
357 695 423 747 ὧν
458 697 681 758 ἐβούλετο
719 695 832 748 εἶναι
867 697 1234 766 διαπράξασθαι,
1267 697 1296 763 ἢ
1332 700 1541 765 ἀνάγκην
1576 698 1689 750 εἶναι

177 780 459 848 ψεύσασθαι
496 783 571 832 καὶ
608 782 884 846 ἐπιορκῆσαι
922 783 997 831 καὶ
1030 781 1268 848 μάρτυρας
1305 785 1389 845 τῆς
1419 784 1560 833 αὑτοῦ
1600 805 1683 832 κα-

80 865 163 918 365
177 864 278 917 κίας
321 863 527 918 Ρπάντας
569 862 818 928 “Έλληνας
869 866 944 914 καὶ
984 864 1257 930 βαρβάρους
1295 864 1606 928 ποιήσασθαι.
1650 869 1688 915 εἰ

174 945 260 1009 μὲν
284 946 379 1013 γὰρ
416 947 732 1015 προσδέξαιτο
773 947 964 1000 Φωκέας
997 947 1276 1015 συμμάχους
1313 951 1390 998 καὶ
1426 953 1529 1011 μεθ’
1559 950 1687 1012 ὑμῶν

174 1029 280 1084 τοὺς
326 1030 490 1097 ὅρκους
531 1032 686 1084 αὐτοῖς
730 1032 940 1095 ἀποδοίη,
985 1031 1091 1084 τοὺς
1131 1031 1250 1097 πρὸς
1295 1031 1566 1085 Θετταλοὺς
1610 1035 1738 1083 mm

174 1115 414 1179 Θηβαίους
458 1113 621 1180 ὅρκους
663 1116 996 1181 (ἱπαραβαίνειν
1037 1114 1168 1168 εὐθὺς
1211 1117 1466 1179 ἀναγκαῖον
1509 1114 1580 1179 ἧν,
1621 1114 1687 1166 ὧν

172 1203 269 1251 τοῖς
305 1198 390 1262 μὲν
427 1197 513 1262 τὴν
549 1200 777 1249 Βοιωτίαν
811 1197 1171 1267 συνεξαιρήσειν
1206 1197 1473 1261 Γὸμωμόκει,
1507 1203 1603 1252 τοῖς
1638 1199 1686 1249 δὲ

172 1280 258 1345 τὴν
306 1283 512 1333 πυλαίαν
562 1280 996 1346 συγκαταστήσειν
1055 1285 1093 1331 εὶ
1143 1280 1191 1332 δὲ
1242 1281 1308 1344 μὴ
1358 1281 1684 1348 προσδέχοιτο,

172 1362 334 1429 ὥσπερ
379 1365 432 1414 οὐ
469 1364 706 1429 προσίετο,
749 1365 832 1414 οὐκ
872 1363 1028 1414 ἐάσειν
1072 1365 1190 1427 ὑμᾶς
1229 1369 1482 1430 παρελθεῖν
1520 1364 1685 1415 Ξαύτὸν

171 1448 341 1512 ἡγεῖτο,
368 1447 499 1497 ἀλλὰ
523 1446 781 1511 βοηθήσειν
806 1450 868 1499 εἰς
901 1446 1083 1509 Πύλας,
1111 1447 1239 1513 ὅπερ,
1267 1451 1303 1497 εὶ
1328 1447 1393 1510 μὴ
1419 1449 1679 1513 παρεκρού-
1698 1477 1739 1498 ‘20

170 1531 324 1593 σθητ’,
343 1530 586 1593 ἐποιήσατ’
604 1529 678 1580 ἄν·
720 1534 757 1579 εὶ
784 1529 832 1580 δὲ
859 1530 872 1556 t
889 1535 1027 1580 τοῦτο
1053 1530 1246 1595 γένοιτο,
1268 1532 1350 1580 οὐκ
1374 1532 1538 1581 ἐνεῖναι
1564 1554 1685 1597 παρ-

74 1621 160 1674 366
172 1617 324 1664 ελθεῖν
367 1612 613 1678 ἐλογίζετο.
653 1614 729 1663 καὶ
772 1618 910 1663 τοῦτο
955 1613 1009 1663 οὐ
1048 1614 1157 1679 παρ’
1205 1614 1372 1663 ἄλλων
1413 1612 1555 1664 αὐτὸν
1596 1615 1686 1665 ἔδει

169 1695 418 1757 πυθέσθαι,
445 1696 553 1745 ἀλλ’
586 1694 724 1748 αὐτὸς
762 1695 940 1761 ὑπῆρχε
966 1694 1181 1761 “μάρτυς
1215 1696 1363 1764 ἑαυτῷ
1399 1701 1482 1746 τοῦ
1521 1696 1678 1763 πράγ-

168 1797 333 1840 ματος·
376 1778 451 1829 ὅτε
477 1777 570 1844 γὰρ
595 1777 813 1831 νΦωκέας
851 1777 1080 1844 ἐκράτησε
1115 1777 1204 1829 Ἥτὸ
1230 1783 1419 1845 πρῶτον
1444 1782 1548 1831 Χκαὶ
1585 1780 1678 1831 διέ-
1695 1805 1734 1836 ²5

169 1865 331 1930 φθειρε
360 1860 468 1915 τοὺς
506 1861 666 1929 ξένους
692 1862 845 1911 αὐτῶν
871 1864 946 1912 καὶ
972 1861 1054 1912 τὸν
1079 1861 1337 1927 ἡγούμενον
1363 1864 1438 1913 καὶ
1465 1886 1678 1930 στρατη-

169 1951 344 2010 γοῦντα
366 1943 682 2011 Ὀνόμαρχον,
710 1943 814 1994 τότε
850 1949 943 1994 τῶν
975 1944 1123 1995 ὄντων
1148 1944 1435 2011 Υάνθρώπων
1462 1945 1683 1997 ἁπάντων

169 2029 365 2091 οὐδενὸς,
388 2030 490 2079 οὔτε
504 2027 747 2092 ΓΈλληνος
768 2029 871 2078 οὕτε
891 2027 1151 2094 βαρβάρου,
1171 2032 1390 2079 Φωκεῦσι
1409 2028 1683 2093 βοηθήσαν-

168 2134 247 2166 τος
272 2111 400 2175 πλὴν
421 2113 562 2175 ὑμῶν,
583 2112 668 2177 οὐχ
694 2111 821 2164 ὅπως
845 2114 1090 2176 παρῆλθεν
1110 2110 1138 2175 ἢ
1161 2112 1435 2181 διεπράξαθ’
1455 2111 1519 2162 ὧν
1540 2115 1682 2176 ἠβου-
1693 2134 1777 2172 444

168 2194 293 2259 λήθη
328 2217 371 2245 τι
409 2193 675 2260 παρελθὼν,
702 2194 812 2243 ἀλλ’
841 2193 944 2244 οὐδὲ
970 2199 1255 2260 προσελθεῖν
1281 2194 1419 2260 ἐγγὺς
1452 2194 1677 2260 ἠδυνήθη.

72 2288 153 2342 367
168 2277 268 2347 ᾔδει
299 2277 388 2342 Ζδὴ
428 2283 613 2347 σαφῶς,
651 2276 791 2340 οἶμαι,
830 2279 970 2339 τοῦθ’,
1011 2277 1081 2328 ὅτι
1124 2284 1218 2340 νῦν,
1254 2278 1366 2342 ἡνίκ’
1408 2277 1682 2344 ἶὶἐστασίαζε

220 2405 231 2434 l
255 2404 294 2456 ᾗ]
318 2407 361 2443 δι’
383 2407 420 2453 ἧς
438 2408 561 2443 Y.O.r.
583 2413 618 2443 et
637 2422 693 2454 γρ.
713 2408 758 2447 Q.
915 2413 945 2431 m
973 2406 1059 2451 μέγα
1079 2406 1181 2454 αὐτῷ]
1207 2407 1296 2440 αὐτῶ
1315 2407 1403 2452 μέγα
1421 2407 1457 2442 k.
1486 2404 1575 2441 οὕτω
1593 2406 1682 2454 μέγα

853 2476 871 2490 ΙΙ
1055 2477 1065 2490 Ι

166 2495 239 2530 A.S.
384 2500 403 2519 ὓ
423 2493 495 2529 καθ’
515 2494 606 2538 ὑμῶν
626 2493 696 2528 οὐδ’
719 2492 822 2539 οὕτω]
846 2492 914 2527 ουδ’
939 2507 1026 2526 ουτω
1048 2493 1202 2537 καθυμῶν
1223 2493 1258 2527 S.
1405 2497 1423 2517 0
1443 2491 1461 2536 ἢ
1482 2492 1602 2538 μηδὲν]
1627 2493 1682 2527 καὶ

166 2547 270 2591 μηδὲν
288 2559 317 2582 s.
473 2553 493 2581 P
521 2547 664 2592 πάντας]
697 2546 846 2582 ἅπαντας
864 2547 1050 2581 A.F.k.r.s.
1206 2554 1223 2581 <1
1254 2545 1473 2590 παραβαίνειν
1492 2551 1574 2591 post
1593 2544 1632 2588 ἧν
1651 2558 1679 2580 r.

167 2605 183 2626 Γ
210 2600 394 2646 ὄμωμόκει]
424 2600 596 2643 ὠμωμόκει
617 2601 733 2634 F.Y.S.
756 2606 791 2634 et
811 2606 987 2634 correctus
1006 2611 1037 2633 v.
1194 2603 1209 2623 S
1238 2599 1356 2644 αὐτὸν]
1385 2599 1487 2631 αὐτὸν
1506 2599 1552 2633 εἷς
1570 2597 1681 2634 πύλας

165 2667 220 2700 γρ.
242 2654 287 2693 Q·
409 2656 419 2679 ῑ
439 2656 540 2687 τοῦτο
559 2653 845 2688 A.S.Y.O.k.1·.S.
874 2655 980 2687 ταῦτα
998 2653 1116 2697 vulgo.
1236 2656 1258 2676 1²
1277 2652 1404 2696 μάρτυς
1424 2650 1546 2699 ἑαυτῷ]
1571 2653 1678 2698 ἑαυτῷ

164 2707 292 2751 μάρτυς
310 2718 340 2741 r.
469 2711 484 2726 v
505 2708 637 2741 Φωκέας
655 2707 820 2750 ἐκράτησε
839 2706 877 2739 τὸ
897 2708 1031 2750 πρῶτον
1050 2705 1164 2740 A.k.s.
1205 2706 1339 2748 φωκέας
1358 2703 1524 2747 ἐκτήσατο
1543 2708 1679 2749 πρῶτον

166 2759 295 2794 S.Y.O.
334 2762 469 2804 πρῶτον
497 2760 663 2805 ἐκράτησε
691 2760 824 2804 φωκέας
844 2771 872 2793 r.
911 2759 952 2792 τὸ
980 2761 1116 2803 πρῶτον
1141 2757 1304 2802 ἐκράτησε
1333 2758 1466 2797 φωκέας
1486 2756 1677 2795 F.Q.t.u.v.

164 2817 193 2837 W
211 2813 252 2846 τὸ
271 2824 340 2847 om.
360 2824 389 2846 r.
499 2818 519 2837 Χ
540 2814 592 2846 καὶ
610 2812 966 2848 A.S.Y.O.k.s.t.u.v.
996 2812 1014 2844 ὁ
1033 2811 1202 2845 Φίλιππος
1222 2811 1275 2843 καὶ
1294 2810 1410 2856 vulgo.
1510 2815 1527 2843 Y
1545 2809 1676 2854 ἀνθρώ-

163 2879 236 2900 πων
254 2865 428 2912 ἁπάντων]
451 2865 606 2900 ἁπάντων
625 2867 809 2911 ἀνθρώπων
828 2865 940 2900 A.k.S.
1052 2869 1069 2889 ²
1089 2863 1148 2910 δὴ]
1168 2864 1204 2898 δέ
1224 2864 1324 2897 k.1·.V.
1436 2867 1455 2888 a
1473 2861 1671 2908 ἐστασίαζε]

165 2919 386 2961 ἐστασιάζετο
405 2920 446 2954 A.
453 2920 549 2953 k.r.s.
