1882 3250
5 179 9 185 ’
39 186 147 228 -171,
168 192 196 215 5.
619 179 743 215 ΠΕΡΙ
776 178 1120 216 ΣὙΝΤΑΞΕΩΣ.
1538 180 1612 220 18]

113 286 313 353 ρυβήσει
358 311 436 351 μοι
479 290 649 351 μηδεὶς,
700 290 811 353 πρὶν
861 286 957 338 mezu
1008 287 1171 339 ἅπαντ’
1225 290 1356 354 εἴπω)
1410 291 1649 359 ἁνεὶιοξανε

114 371 290 434 11δήπου
314 371 478 436 πρώην
497 370 614 424 τινὲς
640 371 722 421 τὸν
748 370 1082 434 ὀπισθόδομον.
1126 374 1289 422 οὐκοῦν
1310 376 1349 422 οἱ
1375 373 1620 439 παριόντες

114 451 314 507 ἅπαντες
354 453 436 504 τὸν
478 457 624 517 δῆμον
675 454 1041 516 καταλελύσθαι,
1081 453 1188 508 τοὺς
1237 454 1406 519 νόμους
1451 457 1618 508 οούκε’τ’

51 535 243 588 Ῑὸεἷναι.
291 538 462 587 τοιαῦτ’
505 537 684 601 ἔλεγον.
738 538 896 598 καίτοι,
941 535 977 587 ὦ
1021 539 1182 603 ἄνδρες
1224 540 1478 602 Ἀθηναῖοι,
1524 540 1621 603 (καὶ

112 626 371 682 Ρσκοπεῖτε,
400 620 458 670 ἂν
489 623 643 683 ἀληθῆ
679 621 824 685 λε’γω)
862 624 904 671 οἱ
937 620 1021 684 μὲν
1054 627 1201 671 ταῦτα
1238 628 1475 676 ποιοῦντες
1510 623 1621 692 ἄξια
1637 647 1675 668 10

109 705 293 755 ἐποίουν
328 703 544 766 θανάτου,
585 706 609 754 ὁ
649 707 793 766 δῆμος
828 706 864 754 δ’
903 707 956 754 οὐ
993 705 1068 755 διὰ
1100 706 1279 756 τούτων
1319 707 1616 758 καταλύεται.

109 789 256 840 πάλιν
291 789 450 843 κώπας
484 812 552 842 τις
592 791 820 857 ὑφείλετο·
860 796 1140 855 μαστιγοῦν,
1169 795 1440 855 στρεβλοῦν
1468 791 1615 842 απάν-

110 895 182 926 τες
223 871 414 934 Γἐβόων,
455 873 703 937 3λέγοντες
738 873 850 923 ἵτὸν
886 875 1033 935 δῆμον
1074 873 1406 926 καταλύεσθαι.
1446 875 1537 941 ἐγὼ
1571 875 1620 926 δὲ

110 957 160 1006 τί
181 958 307 1024 φημί
326 978 336 1017 ;
380 954 463 1006 τὸν
487 955 571 1019 μὲν
598 955 936 1024 ὑφαιρούμενον
963 956 1166 1007 θανάτου
1201 963 1348 1008 ποιεῖν
1379 958 1490 1026 ἄξια
1515 957 1613 1009 ὥσ·
1635 982 1670 1014 15

109 1063 197 1105 περ
239 1042 411 1102 ἐκεῖνοι,
454 1039 537 1090 τὸν
580 1043 728 1102 δῆμον
770 1041 807 1089 δ’
845 1041 898 1090 οὐ
940 1039 1015 1090 διὰ
1058 1041 1236 1090 τούτων
1278 1041 1614 1093 καταλύεσθαι.

48 1139 95 1180 17
111 1124 242 1175 ἀλλὰ
289 1129 389 1177 πῶς
453 1124 746 1185 καταλύεται,
798 1125 945 1176 οὐδεὶς
1003 1124 1130 1188 λέγει
1194 1124 1296 1174 οὐδὲ
1345 1124 1615 1191 παρρησιά-

110 1209 246 1275 ζεται.
289 1207 380 1273 ἐγὼ
421 1207 469 1258 δὲ
511 1206 698 1274 φράσω·
745 1208 857 1258 ὅταν
899 1209 1036 1270 ὑμεῖς,
1083 1205 1118 1257 ὦ
1162 1207 1324 1273 ἄνδρες
1363 1209 1618 1271 Ἀθηναῖοι,

109 1291 304 1360 φαύλως
354 1291 545 1356 ἠγμένοι
594 1293 797 1342 ummo}
846 1293 922 1341 καὶ
972 1292 1140 1356 ἄποροι
1191 1293 1266 1341 καὶ
1319 1292 1492 1342 ἄοπλοι
1543 1295 1619 1343 καὶ

108 1375 391 1426 ἀσύντακτοι
431 1377 534 1425 Χκαὶ
577 1374 641 1438 μὴ
679 1374 824 1425 ταύτὰ
864 1375 1209 1440 γιγνώσκοντες
1251 1374 1345 1439 ἦτε,
1387 1378 1462 1426 καὶ
1501 1375 1619 1440 μήτε
1634 1400 1674 1421 20

106 1457 376 1524 στρατηγὸς
416 1457 519 1521 μήτ’
561 1458 712 1511 ἄλλος
756 1460 915 1522 μηδεὶς
955 1456 1018 1507 ὧν
1057 1457 1113 1507 ἂν
1156 1460 1281 1521 ὑμεῖς
1327 1460 1620 1527 ψηφίσησθε

107 1541 343 1610 φροντίζῃ,
383 1544 458 1592 καὶ
495 1548 643 1592 ταῦτα
680 1544 836 1606 μηδεις
875 1542 1030 1607 λεγειν
1064 1543 1202 1609 ἐθελῃ
1244 1544 1348 1605 μηδ’
1388 1545 1620 1608 ἃἐπανορ--

108 1629 193 1687 θοῖ,
233 1627 389 1689 μηδ’Ζ
397 1626 522 1678 ὅπως
559 1626 793 1676 παύσεται
831 1631 1021 1676 τοιαῦτα
1062 1626 1174 1676 ὄντα
1213 1626 1473 1693 πράττῃ,ο
1510 1631 1622 1676 ἱὶνῦν

46 1710 175 1760 18ἀει
200 1710 464 1772 συμβαίνει.
509 1732 583 1760 και
610 1733 665 1773 νη
687 1707 826 1759 Alba
834 1732 903 1774 γε,
931 1707 967 1759 ὠ
988 1709 1181 1775 ἄνδρες’
1189 1714 1470 1773 Αθηναῖοι,ς
1468 1730 1673 1776 6T6p0L25

109 1791 245 1856 λόγοι
284 1791 636 1858 παρερρυήκασι
674 1792 792 1858 πρὸς
830 1793 946 1854 ὑμᾶς
979 1796 1179 1858 ψευδεῖς,
1217 1794 1293 1843 Καὶ
1328 1792 1493 1843 πολλὰ
1535 1792 1622 1857 τὴν

107 1876 348 1925 πολιτείαν
389 1874 696 1936 βλάπτοντες,
743 1875 838 1925 οἷον
883 1877 930 1925 ἐν
974 1881 1070 1928 τοῖς
1112 1877 1428 1942 δικαστηρίοις
1479 1874 1622 1939 (Ῑὺμῖν

107 1960 238 2009 ἐστὶν
275 1960 303 2023 ἡ
342 1960 565 2025 σωτηρία,
603 1962 677 2009 καὶ
718 1963 788 2009 δεῖ
820 1963 878 2027 τῇ
916 1959 1068 2029 ψήφῳ
1107 1959 1192 2023 τὴν
1226 1960 1468 2011 πολιτείαν
1504 1962 1621 2024 ὑμᾶς

110 2041 380 2110 φυλάττειν.
425 2041 516 2107 ἐγὼ
552 2044 589 2092 δ’
632 2040 711 2092 οἶδ’
754 2042 823 2093 ὅτι
858 2049 1005 2093 ταῦτα
1044 2042 1129 2106 μὲν
1165 2044 1270 2106 ὑμῖν
1305 2042 1364 2093 τὰ
1398 2043 1621 2108 δικαστή-

107 2148 185 2191 ρια
223 2130 317 2175 τῶν
354 2127 471 2192 πρὸς
512 2125 755 2189 ἀλλήλους
796 2128 983 2177 δικαίων
1023 2129 1124 2177 ἐστὶ
1167 2126 1311 2189 κοινὰ,
1348 2130 1397 2177 ἐν
1437 2127 1485 2178 δὲ
1525 2133 1620 2183 τοῖς
1637 2148 1713 2190 171

104 2208 273 2262 ὅπλοις
311 2213 382 2260 δεῖ
416 2215 599 2275 κρατεῖν
637 2215 730 2260 τῶν
765 2212 959 2276 ἐχθρῶν,
996 2213 1071 2261 καὶ
1106 2210 1182 2261 διὰ
1215 2212 1393 2262 τούτων
1426 2213 1557 2262 ἐστὶν
1591 2213 1620 2277 ἡ

46 2314 94 2355 19
108 2293 317 2359 σωτηριά
351 2295 434 2356 τῆς
467 2293 717 2346 πολιτείας·
758 2294 810 2344 οὐ
836 2292 929 2359 γὰρ
963 2293 1017 2344 τὸ
1044 2295 1361 2362 ψηφίσασθαι
1399 2307 1419 2328 e
1438 2300 1535 2349 τοῖς
1572 2297 1621 2346 ἐν

106 2380 201 2429 τοῖς
233 2375 397 2428 ὅπλοις
428 2375 616 2439 ποιήσει
652 2374 725 2427 ‘rb
758 2381 902 2438 νικᾶν,
939 2379 1047 2427 ἀλλ’
1076 2381 1118 2428 οἱ
1152 2377 1270 2442 μετὰ
1294 2378 1473 2429 τούτων
1499 2401 1649 2445 κρα-5

162 2527 192 2545 m
212 2520 266 2566 ἂν]
292 2520 310 2565 ἢ
333 2521 376 2555 Ο.
398 2533 468 2555 om.
487 2521 560 2555 F.v.
583 2528 617 2555 et
638 2535 689 2567 pr.
710 2522 753 2555 Y.
886 2528 904 2546 ¹¹
925 2521 1033 2565 δήπου
1052 2528 1132 2568 post
1151 2524 1266 2567 πρώην
1285 2528 1423 2568 ponunt
1443 2523 1618 2558 F.Y.O.v.

106 2579 128 2598 ⁰
147 2574 270 2620 οὐκέτ’]
295 2576 354 2608 οὐκ
376 2575 410 2608 S.
522 2580 541 2607 P
562 2575 736 2620 σκοπεῖτε]
761 2576 947 2609 σκοπεῖσθε
967 2588 998 2609 v.
1083 2582 1102 2608 q
1121 2577 1243 2610 mim-es*
1262 2576 1297 2609 iu
1318 2588 1429 2621 marg.
1452 2576 1558 2609 habet
1576 2577 1618 2610 A.

111 2633 125 2652 Ι·
144 2627 250 2665 ἐβόων
270 2640 339 2661 om.
364 2628 399 2661 S.
547 2633 561 2651 S
582 2628 758 2673 λέγοντες]
783 2628 814 2661 οἱ
833 2629 990 2673 λέγοντες
1011 2629 1095 2662 AB.
1236 2628 1249 2653 t
1269 2630 1328 2662 τὸν
1347 2629 1453 2672 δῆμον
1473 2628 1618 2662 καταλύ-

108 2680 222 2725 εσθαι]
246 2680 473 2715 καταλύεσθαι
493 2680 552 2713 τὺν
572 2681 676 2723 δῆμον
697 2680 864 2714 F.Y.O.v.
1021 2687 1040 2705 ¹¹
1066 2681 1211 2727 πολλοὶ]
1237 2683 1268 2715 οἱ
1287 2683 1413 2715 πολλοὶ
1434 2682 1619 2717 Dobraeus.

108 2738 128 2757 X
148 2734 199 2767 καὶ
219 2746 289 2768 0111.
311 2734 404 2768 Y.O.
533 2739 552 2766 Y
572 2733 770 2780 ἐπανορθοῖ]
796 2734 1003 2778 ἐπανορθοῦν
1023 2734 1154 2769 Y.O.V.
1285 2740 1302 2758 Ζ
1324 2734 1413 2769 ὅπως
1432 2734 1617 2780 παύσεται]

107 2800 207 2821 ειπως
225 2786 372 2821 παύσετε
395 2787 430 2821 S.
579 2792 597 2810 a
617 2789 675 2820 νῦν
693 2787 744 2820 ἀεὶ
766 2788 802 2821 S.
838 2787 1037 2832 Legebatur
1053 2788 1135 2821 νυνί.
1283 2784 1302 2812 b
1323 2803 1361 2833 γε
1382 2788 1499 2822 addidi
1519 2800 1561 2822 ex
1583 2788 1619 2823 S.

107 2844 124 2863 0
144 2839 250 2884 ἕτεροι
269 2841 311 2874 Α.
342 2840 541 2885 Legebatur
561 2839 669 2885 ἕτεροί
686 2855 737 2885 γε.
881 2837 899 2864 ‘l
922 2840 1013 2885 ὑμῖν]
1037 2840 1114 2884 ἡμῖν
1134 2841 1177 2875 0.
1328 2847 1344 2864 e
1364 2841 1451 2886 τοῖς]
1477 2841 1556 2876 τοὺς
1576 2841 1620 2877 Ο.

107 2888 123 2915 f
138 2893 177 2926 τὸ
196 2904 267 2927 om.
289 2893 417 2927 A.O.v.
440 2893 611 2937 expungit
632 2893 670 2926 F.
692 2893 727 2927 in
748 2907 803 2939 γρ.
826 2893 932 2926 habet
952 2894 994 2927 Y.
