1882 3250
32 188 158 238 —176‚
176 202 228 227 23.
648 191 775 227 HEPI
808 190 1150 228 ΣΎΝΤΑΞΕΩΣ.
1551 184 1634 224 187

123 297 292 363 ράτους
319 299 570 363 Μεγαρέας
608 300 944 366 θέψηφίσασθε
984 298 1383 361 ἀποτεμνομένους
1421 296 1507 359 τὴν
1542 297 1622 360 ὀρ·-
1642 313 1679 343 ²5

125 380 260 445 γάδα,
306 380 486 447 ἐξιέναι,
528 380 738 441 κωλύειν,
782 380 846 443 μὴ
891 382 1166 446 ἐπιτρέπειν·
1207 377 1267 428 Γᾶ
1308 377 1426 443 πρὸς
1470 382 1624 427 Φλια-

125 463 270 524 σίους,
298 462 372 512 ὅτε
409 462 633 530 ἐξέπεσον
671 463 759 513 ἓτὸ
793 463 1001 529 ἔναγχος,
1041 466 1243 524 βοηθεῖν,
1276 460 1341 523 μὴ
1377 458 1634 524 ἐπιτρέπειν

125 550 222 598 τοῖς
259 549 520 611 σφαγεῦσι,
560 550 654 595 τῶν
689 547 737 595 ἐν
779 545 1137 612 Πελοποννήσῳ
1171 543 1278 596 τοὺς
1315 542 1633 604 βουλομένους

59 632 430 693 36παρακαλεῖν.
486 627 671 678 ἅπαντα
716 627 855 690 καλὰ,
897 626 934 677 ὦ
977 627 1140 692 ἄνδρες
1183 627 1439 688 Ἀθηναῖοι,
1485 629 1632 674 ταῦτα

127 711 201 759 καὶ
240 710 391 759 δίκαια
429 711 504 760 καὶ
545 713 626 772 τῆς
662 708 847 762 πόλεως
886 709 1009 776 ἄξια·
1048 707 1137 757 11τα
1177 707 1290 773 ἔργα
1332 705 1380 756 δὲ
1414 705 1500 755 ἱτοὶ
1537 705 1731 757 ἀπὸ176

126 791 304 842 τούτων
330 791 579 855 Κούδαμοῦ.
623 794 788 843 οὐκοῦν
816 792 902 856 τὴν
928 792 1012 855 μὲν
1038 792 1288 858 ἀπέχθειαν
1315 789 1390 840 διὰ
1415 794 1509 839 τῶν
1535 793 1633 856 ψη-

127 875 381 941 φισμάτων
406 874 700 943 1ε’κφερεσθε,
725 881 819 926 τῶν
846 877 883 926 δ’
913 876 1061 941 ἔργων
1088 872 1268 926 οὐδενὸς
1307 872 1452 938 κύριοι
1477 874 1626 937 ωγίγ-

127 962 281 1008 νεσθε·
323 957 382 1008 τὰ
407 958 492 1021 μὲν
516 958 608 1024 γὰρ
634 960 930 1027 ψηφίσματα
960 957 1078 1023 πρὸς
1114 956 1168 1007 τὸ
1194 960 1276 1020 τῆς
1313 955 1497 1009 πόλεως
1523 956 1626 1024 ἀξί-
1646 977 1663 1008 5

126 1062 231 1101 ωμα
257 1040 538 1107 ψηφίζεσθε,
565 1040 650 1103 τὴν
677 1041 871 1103 δύναμιν
898 1042 933 1090 δ’
964 1042 1045 1090 οὐκ
1076 1039 1335 1090 ἀκόλουθον
1361 1037 1453 1088 Πῶν
1479 1039 1634 1106 ψηφί-

59 1140 112 1183 37
127 1122 262 1188 ζεσθε
300 1122 440 1188 ἔχετε.
483 1123 574 1187 ἐγὼ
602 1122 649 1173 δὲ
675 1123 1002 1189 παραινέσαιμ’
1031 1122 1088 1173 ἂν
1124 1125 1229 1185 ὑμῖν
1266 1123 1369 1191 (καί
1397 1145 1475 1184 μοι
1509 1129 1630 1184 0μη-

127 1205 203 1256 δὲν
239 1207 518 1273 ὀργισθῆτε)
552 1206 611 1270 Ρῆ
651 1207 849 1257 ε”λαττον
881 1211 1070 1272 φρονεῖν
1108 1209 1182 1256 καὶ
1218 1205 1277 1255 τὰ
1312 1205 1507 1270 ὑμέτερα
1545 1206 1629 1254 αὑ-

127 1293 220 1338 τῶν
247 1291 437 1353 ἀγαπᾶν
467 1288 774 1354 πράττοντας,
807 1289 835 1353 ὴ
873 1290 1008 1355 μείζω
1048 1289 1242 1351 δύναμιν
1279 1288 1629 1354 παρασκευάζε-

126 1376 255 1423 σθαι.
296 1376 332 1422 εἰ
359 1373 443 1433 μὲν
469 1373 550 1422 οὖν
576 1374 786 1441 Σιφνίοις
812 1372 840 1436 ὴ
870 1374 1087 1425 Κυθνίοις
1120 1373 1154 1436 ἥ
1177 1395 1303 1422 τισιν
1329 1372 1497 1424 ἄλλοις
1534 1394 1629 1421 τοι·
1654 1396 1689 1417 ιο

127 1454 278 1508 ου’τοις
305 1456 412 1505 οὖσι
437 1454 654 1522 συνῄδειν
688 1457 807 1517 ὑμῖν,
834 1456 1031 1505 ἔλαττον
1070 1460 1256 1522 φρονεῖν
1294 1454 1637 1514 συνεβούλευον

127 1536 197 1599 ἂν,
224 1536 377 1601 ἐπειδὴ
410 1540 448 1586 δ’
476 1538 572 1588 ἔστ’
601 1539 855 1601 Ἀθηναῖοι,
882 1538 935 1587 τὸ
961 1537 1046 1597 τὴν
1073 1538 1268 1601 δύναμιν
1303 1536 1631 1603 (ἶπαρασκευά-

126 1625 309 1670 σασθαι
325 1626 552 1686 παραινῶ·
575 1621 776 1688 αἰσχρὸν
793 1621 900 1687 γὰρ,
917 1619 953 1671 ὦ
967 1622 1130 1686 ἄνδρες
1149 1623 1403 1683 Ἀθηναῖοι,
1420 1619 1638 1686 Γαὶσχρὸν

127 1709 302 1755 Ελιπεῖν
317 1702 402 1766 τὴν
419 1710 500 1754 τοῦ
526 1703 826 1771 φρονήματος
842 1704 990 1773 τάξιν,
1010 1703 1067 1767 ἣν
1089 1707 1194 1767 ὑμῖν
1212 1708 1252 1754 οἱ
1272 1703 1496 1769 πρόγονοι
1516 1726 1636 1767 παρ-
1654 1726 1688 1756 15

61 1796 114 1849 38
129 1787 318 1838 ε’δωκαν.
359 1786 477 1853 πρὸς
523 1787 570 1838 δὲ
608 1787 787 1842 τούτοις
826 1790 948 1839 ἵοὐδ’
984 1791 1114 1838 ἐστὶν
1152 1790 1222 1856 ἐφ’
1259 1790 1379 1851 ὑμῖν,
1413 1789 1504 1837 οὐδ’
1543 1786 1638 1838 Πᾶν

128 1874 392 1934 ἀποστῆναι
431 1875 525 1921 τῶν
562 1871 859 1935 (Ελληνικῶν
897 1872 1158 1935 βούλησθε·
1199 1870 1363 1922 πολλὰ
1401 1871 1493 1936 γὰρ
1532 1873 1638 1933 ὑμῖν

128 1956 177 2006 ἐκ
221 1954 396 2008 παντὸς
439 1959 521 2004 τοῦ
560 1953 730 2020 χρόνου
774 1956 1050 2021 πέπρακται,
1078 1957 1152 2004 καὶ
1191 1954 1297 2007 τοὺς
1339 1953 1424 2016 μὲν
1468 1955 1637 2021 φίλους

127 2036 264 2090 Χτοὺς
291 2037 585 2104 ὑπάρχοντας
612 2037 813 2103 αἰσχρὸν
838 2039 1084 2103 προέσθαι,
1110 2044 1205 2091 τοῖς
1233 2039 1268 2088 δ’
1295 2038 1430 2087 οὖσιν
1455 2039 1637 2102 ἐχθροῖς

128 2122 210 2172 οὐκ
251 2121 316 2171 ε”νι
357 2126 612 2171 πιστεῦσαι
657 2124 732 2171 καὶ
778 2121 1012 2186 μεγάλους
1053 2123 1189 2172 ἐᾶσαι
1234 2120 1470 2186 γενέσθαι.
1515 2120 1637 2173 ὅλως
1651 2143 1691 2164 20

129 2206 166 2254 δ’
191 2204 304 2270 ὅπερ
325 2207 365 2254 οἱ
385 2203 733 2266 πολιτευόμενοι
751 2203 1018 2255 πεπόνθασι
1037 2204 1155 2270 πρὸς
1176 2207 1308 2267 ὑμᾶς,
1328 2205 1436 2254 y0131<
1457 2203 1639 2254 ε”νεστιν

129 2288 295 2348 αὐτοῖς,
327 2286 439 2336 ὅταν
473 2286 754 2348 βούλωνται,
794 2286 1088 2349 παύσασθαι,
1127 2293 1264 2337 τοῦτο
1304 2289 1378 2336 καὶ
1420 2288 1525 2348 ὑμῖν
1557 2308 1639 2337 πε-

127 2371 358 2437 ριέστηκε·
401 2372 745 2421 πεπολίτευσθε
773 2369 862 2436 γὰρ
890 2373 937 2421 ἐν
963 2376 1058 2424 τοῖς
1075 2371 1336 2434 “Ελλησιν.

184 2562 200 2582 θ
219 2556 466 2604 ἐψηφίσασθε]
490 2558 670 2604 ε’ψὴφισθε
690 2560 733 2593 A.
807 2556 820 2584 f
836 2556 857 2592 ἂ
874 2558 1059 2604 πρὸς-μὴ
1081 2557 1272 2601 ἐπιτρέπειν
1288 2569 1356 2591 om.
1379 2569 1429 2602 pr.
1454 2556 1489 2589 S.
1561 2561 1581 2588 g
1600 2556 1639 2588 τὸ

130 2623 200 2645 om.
222 2611 352 2645 A-O.S.
373 2618 474 2646 notat
488 2612 531 2645 Y.
618 2610 638 2637 h
658 2611 902 2658 τὰ-τούτων]
930 2613 968 2645 τὰ
989 2610 1017 2645 δ’
1034 2612 1116 2656 ἔργα
1136 2611 1177 2643 τὰ
1196 2610 1262 2643 ἀπὸ
1283 2608 1412 2643 τούτων
1431 2610 1472 2642 A.
1567 2605 1575 2633 i
1597 2609 1640 2641 τὰ

130 2675 200 2699 om.
222 2676 274 2710 pr.
296 2664 340 2699 Y.
482 2662 502 2689 k
524 2665 690 2711 οὐδαμοῦ]
715 2665 869 2708 οὐδαμῶς
887 2679 943 2710 γρ.
967 2665 1005 2698 F.
1146 2660 1157 2687 Ῑ
1178 2662 1382 2707 ἐκφέρεσθε]
1405 2661 1573 2706 ἐφέρεσθε
1593 2661 1637 2695 Ο.

541 2722 554 2738 Ε

131 2755 161 2774 ¹¹¹
179 2750 358 2797 γίγνεσθε]
381 2751 570 2797 γίγνεσθαι.
692 2757 711 2775 ¹1
731 2747 792 2796 ὧν]
817 2748 866 2786 οἷς
885 2752 926 2784 Α.
1048 2756 1066 2775 0
1086 2750 1189 2792 μηδὲν
1208 2747 1393 2794 ὀργισθῆτε
1414 2747 1449 2781 S.
1481 2747 1637 2792 Legeba—

130 2808 188 2836 tur
206 2804 319 2847 μηδεὶς
338 2803 496 2850 ὀργισθῇ,
519 2804 614 2849 quod
631 2804 669 2837 in
687 2818 744 2850 γρ.
764 2805 870 2838 habet
892 2804 926 2837 S.
1011 2809 1030 2836 P
1051 2802 1069 2846 ἢ
1090 2803 1222 2836 addidit
1242 2801 1418 2835 Reiskius.
1492 2805 1512 2832 (1
1531 2814 1638 2844 παρα-

132 2857 368 2891 σκευάσασθαι
388 2858 424 2892 S.
453 2858 769 2902 παρασκευάζεσθαι
788 2857 906 2902 vulgo.
1027 2862 1041 2880 Γ
1061 2857 1206 2900 αἰσχρὸν
1226 2867 1294 2888 om.
1316 2856 1357 2887 A.
1471 2858 1485 2877 S
1505 2852 1634 2898 λιπεῖν]

129 2907 259 2943 λείπειν
277 2911 320 2944 A.
404 2909 419 2935 ῑ
437 2909 525 2956 οὐδ’]
550 2911 609 2943 οὐκ
627 2911 670 2944 A.
757 2916 776 2934 ¹¹
795 2909 854 2956 ἂν]
880 2911 936 2943 ἐὰν
957 2909 1078 2943 F.O.v.
1163 2915 1182 2933 Χ
1202 2908 1281 2942 τοὺς
1300 2919 1369 2941 om.
1391 2908 1431 2940 A.
1518 2911 1536 2938 Υ
1556 2906 1632 2951 οὐκ]

130 2958 180 2997 οἷς
199 2962 374 2997 Reiskius.

821 3023 938 3063 Bbz
