1903 3271
52 204 150 246 340,
169 209 222 234 23.
493 197 622 234 ΠΕΡΙ
653 197 764 234 ΤΗΣ
795 196 1259 235 ΠΑΡΑΠΡΕΣΒΕΙΑΣ.
1547 194 1633 234 355

120 323 242 344 σοντες
269 307 405 343 τούτου.
449 309 502 342 καὶ
527 306 653 352 ᾔτησεν
678 309 844 354 Αἰσχίνης
871 308 1047 355 ἀνάκρισιν
1071 309 1243 355 γενέσθαι,
1270 308 1324 342 καὶ
1347 308 1528 354 γενομένης
1552 307 1632 342 ἀνα-

118 373 262 419 κρίσεως
289 373 396 417 ἔδειξε
419 373 592 418 Τίμαρχον
615 373 829 419 ἡταιρηκότα,
859 374 912 407 καὶ
941 373 1106 418 ἐξέβαλον
1134 373 1247 406 αὐτόν·
1283 373 1386 414 νόμος
1412 372 1479 417 γὰρ
1507 370 1547 414 ἧν
1574 372 1634 405 τὸν

119 437 321 483 ἡταιρηκότα
349 437 394 481 μὴ
421 436 673 472 πολιτεύεσθαι.
722 435 794 472 εἶτα
823 438 949 481 ἐπέστη
980 436 1223 483 κατηγορήσων
1253 437 1270 470 ὁ
1302 435 1533 480 Δημοσθένης.
1581 436 1634 469 καὶ

117 501 263 548 λέγουσι’
291 516 390 541 τινες,
420 504 488 537 πῶς
519 502 662 536 ἐνταῦθα
691 502 853 546 μέμνηται
882 503 941 545 τῆς
969 501 1083 547 τρίτης
1108 501 1317 547 πρεσβείας;
1352 500 1498 545 λέγομεν
1524 498 1552 533 δ’
1580 498 1632 533 ὅτι
1646 508 1684 539 25

117 566 203 610 μετὰ
226 563 303 611 τρία
328 567 384 609 ἔτη
411 567 470 609 Τῆς
491 567 628 612 γραφῆς
653 566 814 610 εἰσῆλθεν
838 567 926 611 ἔχων
949 565 1011 609 τὴν
1035 563 1248 611 κατηγορίαν.
1287 564 1467 610 γενομένης
1488 563 1554 609 γὰρ
1573 564 1634 606 τῆς

118 630 276 676 δευτέρας
301 629 496 675 πρεσβείας,
523 630 688 674 μαθόντες
713 631 744 664 οἱ
770 627 939 674 Ἀθηναῖοι
968 630 1028 673 τὴν
1052 632 1119 663 τῶν
1144 628 1284 662 Φωκέων
1310 628 1490 668 ἀπώλειαν,
1517 627 1633 661 ἐσκευ-

118 695 274 740 αγώγουν
293 694 328 727 ἐκ
346 696 414 727 τῶν
432 693 544 739 ἀγρῶν
567 694 619 727 καὶ
644 694 678 727 ἐν
702 695 824 740 πολλῷ
850 692 985 740 θορύβῳ
1010 692 1109 736 ἦσαν·
1141 693 1194 726 καὶ
1219 694 1303 737 μετὰ
1328 691 1405 737 τρία
1429 692 1486 735 ἔτη
1512 691 1630 734 εἰσῆλ·
1644 694 1728 736 339

118 757 177 792 θεν
195 759 214 790 ὁ
234 757 453 801 Δημοσθένης
472 757 714 803 κατηγορήσων
734 754 912 801 Αἰσχίνου,
934 757 986 790 καὶ
1008 757 1111 802 κρίνει
1136 756 1238 790 αὐτὸν
1264 756 1318 790 διὰ
1341 754 1402 790 δύο
1427 754 1632 801 ἐγκλήματα,

118 823 174 857 διὰ
192 822 252 866 τὴν
271 821 441 856 ἀπώλειαν
459 824 527 855 τῶν
546 823 686 855 Φωκέων
709 823 761 855 καὶ
784 822 838 856 διὰ
861 821 1077 867 δωροδοκίαν.
1116 821 1232 854 ἰστέον
1252 821 1288 854 δέ
1308 819 1359 854 ὅτι
1378 819 1661 866 προηγούμενόν5

119 887 216 921 ἐστιν
240 887 404 932 ἔγκλημα,
426 884 478 919 ὅτι
501 887 625 920 Φωκεῖς
648 885 884 920 ἀπολώλασιν.
923 885 1008 932 πρὸς
1034 883 1209 918 σύστασιν
1233 883 1357 918 τούτου
1382 883 1538 929 δεύτερον
1564 884 1634 918 ἐνέ-

117 949 208 995 κυψε
247 948 384 993 ζήτημα,
420 948 472 983 ὅτι
510 950 564 983 ε’πὶ
601 949 774 994 χρήμασιν
811 950 956 994 Αἰσχίνῃ
990 952 1092 983 τοῦτο
1128 950 1342 992 τετόλμηται,
1377 948 1420 983 ὡς
1459 946 1635 981 σύστασιν

116 1012 272 1060 γίνεσθαι
298 1015 358 1048 τοῦ
388 1015 554 1060 προτέρου
580 1012 790 1059 ἐγκλήματος
816 1016 877 1047 τοῦ
903 1014 986 1047 κατὰ
1012 1013 1153 1048 Φωκέας.
1194 1012 1354 1058 τεκμήριά
1379 1012 1455 1045 ἐστι
1480 1014 1542 1045 τοῦ
1567 1012 1629 1045 πά-

115 1081 175 1113 λαι
207 1081 312 1113 ταῦτα
343 1079 596 1124 ἐσκευωρῆσθαι
627 1078 679 1112 καὶ
713 1078 991 1118 κατεσκευάσθαι,
1022 1078 1064 1111 δι’
1097 1073 1143 1111 ‹31›
1174 1076 1241 1121 ἅμα
1273 1077 1325 1110 καὶ
1358 1078 1557 1122 προαναιρεῖ
1591 1077 1631 1110 τὸ
1648 1087 1686 1109 10

117 1146 238 1190 χρῶμα
263 1143 441 1188 Αἰσχίνου,
469 1142 743 1188 καταφεύγοντος
769 1143 824 1176 ἐπὶ
852 1142 990 1188 ἄγνοιαν
1015 1142 1067 1175 καὶ
1097 1142 1312 1187 συγγνώμην.
1355 1141 1407 1174 καὶ
1435 1139 1565 1174 τούτων
1592 1140 1633 1174 τὰ

117 1210 180 1254 μὲν
205 1209 240 1242 ἐκ
265 1211 332 1242 τῶν
356 1207 564 1253 παρειμένων
587 1205 722 1251 εἴληφε,
743 1208 785 1240 τὰ
812 1207 848 1240 δὲ
875 1207 910 1240 ἐκ
935 1208 1003 1239 τῶν
1031 1204 1285 1250 πεπραγμένων.
1325 1207 1465 1238 συνεῖπε
1486 1205 1552 1250 γὰρ
1572 1210 1632 1238 Φι-

118 1274 276 1319 λοκράτει
295 1272 373 1306 ἄνευ
392 1271 533 1305 Φωκέων
550 1272 721 1317 γράφοντι
747 1271 807 1314 τὴν
832 1270 974 1315 εἰρήνην,
1015 1270 1074 1303 οὐκ
1099 1270 1225 1310 ἔλαβεν
1249 1268 1369 1315 ὅρκους
1391 1269 1483 1315 παρὰ
1502 1274 1631 1303 Θεττα-
1650 1280 1684 1313 15

117 1338 189 1370 λῶν
217 1333 488 1380 συμμαχούντων
516 1335 688 1382 Φιλίππῳ,
720 1331 751 1367 οἲ
783 1335 843 1367 οὐκ
873 1332 913 1366 ἂν
943 1334 1243 1378 συνεστράτευσαν
1276 1332 1331 1366 ἐπὶ
1363 1331 1508 1372 Φωκέας,
1540 1330 1634 1377 ε’ίπερ

117 1398 300 1432 δεδωκότες
321 1395 409 1440 ἦσαν
431 1397 510 1432 τοὺς
535 1396 665 1443 ὅρκους.
704 1397 843 1430 ἐνέδωκε
862 1396 1021 1443 Φιλίππῳ
1040 1394 1196 1440 Ῡχρόνον
1221 1394 1550 1440 παρασκευάσασθαι
1575 1394 1636 1437 τὴν

117 1462 173 1497 ἐπὶ
200 1462 333 1497 Φωκέας
361 1461 555 1506 στρατείαν·
592 1461 749 1506 διέτριψε
773 1461 839 1506 γὰρ
868 1459 991 1494 ἐκεῖνος
1017 1460 1096 1494 τοὺς
1123 1460 1268 1504 χρόνους
1296 1458 1489 1503 ἐξεπίτηδες
1516 1458 1633 1492 ἀναλί-

117 1539 222 1565 σκων,
247 1523 300 1559 ἵνα
325 1524 369 1570 μὴ
394 1524 627 1569 περιπλεύσας
652 1525 671 1556 ὁ
697 1525 800 1568 δῆμος
826 1524 946 1567 κλείσῃ
973 1524 1033 1559 τὰς
1059 1523 1187 1558 Πύλας.
1226 1523 1419 1567 ἐξηπάτησε
1447 1522 1508 1566 τὴν
1532 1522 1635 1557 πόλιν
1649 1538 1689 1560 20

116 1590 314 1624 ἐπανελθὼν
344 1589 497 1633 ἐπίτηδες
529 1589 657 1623 διτταῖς
689 1588 820 1628 ἐλπίσι,
851 1591 911 1633 μιᾷ
941 1588 1002 1632 μὲν
1030 1587 1083 1621 ὅτι
1113 1589 1258 1632 Θηβαῖοι
1286 1587 1506 1628 ἀπολοῦνται,
1538 1589 1635 1634 ἑτέρᾳ

118 1654 156 1688 δὲ
179 1652 231 1687 ὅτι
252 1655 374 1688 Φωκεῖς
403 1652 634 1697 σωθήσονται,
656 1651 747 1686 ὥστε
771 1653 816 1697 μὴ
843 1651 1042 1698 ἐγγενέσθαι
1065 1650 1330 1693 βουλεύσασθαί
1353 1666 1386 1686 τι
1411 1652 1523 1696 δεξιὸν
1549 1652 1634 1698 ὑπὲρ

117 1718 270 1752 Φωκέων·
302 1714 375 1751 εἶπε
393 1718 459 1763 γὰρ
479 1718 549 1751 δεῖν
567 1717 726 1764 Φιλίππῳ
745 1716 933 1751 πιστεύειν·
965 1718 1094 1751 σώσειν
1112 1717 1178 1762 γὰρ
1197 1716 1319 1751 αὐτοὺς
1341 1718 1381 1758 τῇ
1405 1718 1505 1750 πόλει
1528 1716 1633 1763 ε’πηγ-
1649 1733 1686 1765 ²5

117 1783 269 1829 γείλατο.
310 1783 363 1816 καὶ
381 1784 442 1816 τοῦ
461 1783 522 1826 μὲν
541 1783 708 1828 προτέρου
728 1784 832 1816 ταῦτα
851 1780 1022 1827 τεκμήρια.
1061 1783 1122 1815 τοῦ
1142 1781 1178 1815 δέ
1197 1781 1356 1826 δευτέρου
1379 1783 1440 1815 τοῦ
1464 1782 1542 1826 περὶ
1567 1784 1635 1815 τῶν

118 1848 246 1893 δώρων,
277 1848 312 1881 ἐν
340 1843 366 1894 ᾧ
398 1847 564 1881 δείκνυται
597 1846 649 1880 ὅτι
680 1846 837 1891 χρήματα
868 1845 1013 1890 ε’ίληφεν
1042 1845 1217 1890 Αἰσχίνης,
1247 1847 1353 1879 ταῦτα
1385 1845 1554 1890 τεκμήρια·
1590 1841 1636 1879 ὧν

118 1909 242 1956 ὁμοίως
267 1911 310 1944 τὰ
333 1911 395 1954 μὲν
421 1911 456 1944 ἐκ
479 1914 545 1944 τῶν
566 1910 774 1956 παρειμένων
794 1910 881 1948 ἐστὶ,
902 1909 944 1942 τὰ
967 1909 1003 1942 δέ
1030 1908 1065 1942 ἐκ
1089 1912 1156 1941 τῶν
1180 1907 1436 1953 πεπραγμένων.
1474 1908 1513 1941 οὐ
1539 1909 1636 1951 μισεῖ

118 1975 303 2014 Φίλιππον,
325 1974 442 2019 καίπερ
462 1973 682 2018 ἐξαπατηθεὶς
708 1971 763 2006 ὑπ’
784 1972 900 2012 αὐτοῦ,
922 1971 965 2007 ὥς
985 1974 1087 2017 φησι.
1127 1973 1265 2005 συνεῖπε
1288 1969 1448 2018 Φιλίππῳ
1472 1971 1633 2017 γενέσθαι
1644 1982 1729 2024 340

116 2035 364 2083 Ἀμφικτύονα,
393 2037 706 2082 πρεσβευσαμένων
733 2036 811 2080 περὶ
843 2036 946 2069 αὐτοῦ
979 2038 1046 2068 τῶν
1079 2033 1347 2079 Ἀμφικτυόνων.
1393 2032 1555 2068 σύνεστιν
1583 2033 1634 2067 ἀεὶ

118 2102 318 2147 Φιλοκράτει
354 2100 512 2146 χρήματα
548 2101 719 2145 εἰληφότι.
768 2099 972 2143 καλούμενος
1010 2099 1065 2133 ἐπὶ
1100 2098 1298 2143 μαρτυρίαν,
1334 2097 1428 2141 ἡνίκα
1458 2096 1635 2142 Ὑπερίδης

118 2165 314 2212 εἰσήγγειλε
339 2166 562 2210 Φιλοκράτην,
592 2165 707 2210 παρὼν
733 2165 792 2198 οὐκ
818 2164 1023 2209 ἐφθέγξατο.
1064 2163 1313 2207 χειροτονηθεὶς
1337 2162 1553 2208 πρεσβευτὴς
1579 2161 1663 2203 ἐπὶ5

118 2231 179 2275 τὴν
204 2230 336 2264 Φωκίδα
363 2230 449 2275 πρὸς
476 2229 645 2263 Φίλιππον
673 2229 728 2263 ε’πὶ
757 2230 829 2263 ταῖς
859 2228 1096 2272 ὑποσχέσεσιν
1124 2227 1312 2272 ἀρρωστεῖν
1337 2226 1632 2271 προσεποιήσατο.

117 2295 271 2329 ἁλόντων
290 2296 430 2328 Φωκέων
454 2294 539 2337 μετὰ
561 2294 621 2337 τὴν
645 2293 835 2338 ἐξωμοσίαν
859 2292 1119 2337 ἀχειροτόνητος
1143 2289 1335 2336 πορεύεται,
1357 2290 1413 2324 ὅτε
1438 2291 1491 2324 καὶ
1518 2291 1632 2336 φυλά-

119 2359 245 2404 ξασθαι
264 2358 366 2392 αὐτὸν
389 2358 501 2403 ἐχρῆν.
540 2359 645 2391 ταῦτα
671 2357 712 2390 τὰ
738 2355 897 2399 τεκμήρια
925 2357 985 2388 τοῦ
1011 2354 1170 2399 δευτέρου
1195 2355 1313 2399 λόγου.
1352 2354 1428 2388 ἔστι
1448 2353 1484 2386 δέ
1504 2351 1634 2390 τούτων
1649 2368 1687 2389 10

118 2424 159 2458 τὸ
193 2423 434 2468 ἰσχυρότατον,
467 2422 519 2455 καὶ
552 2421 590 2455 οὗ
627 2422 780 2465 μάλιστα
813 2419 1001 2464 ἀντέχεται,
1033 2419 1052 2462 ἡ
1087 2418 1274 2464 ἐπαγγελία
1306 2419 1358 2452 καὶ
1390 2418 1408 2461 ἡ
1443 2418 1634 2463 ὑπόσχεσις

119 2487 286 2532 Αἰσχίνου
305 2486 324 2530 ἡ
343 2487 420 2532 περὶ
440 2483 598 2529 Θηβαίων
618 2485 670 2518 καὶ
689 2485 840 2518 Φωκέων.

173 2551 217 2586 ‘H
243 2552 304 2596 μὲν
331 2551 494 2586 ὑπόθεσις
521 2552 582 2584 τοῦ
610 2551 717 2596 λόγου
747 2547 970 2593 στοχαστικὴ·
1007 2548 1045 2581 οὐ
1070 2548 1136 2593 γὰρ
1163 2546 1342 2591 συντρέχει
1369 2546 1440 2580 τοῖς
1469 2544 1631 2590 ἐγκαλου-
1650 2558 1685 2588 ¹5

118 2617 231 2661 μένοις
251 2616 427 2660 Αἰσχίνης,
449 2614 527 2649 ἀλλ’
546 2615 694 2660 ἀρνεῖται
719 2614 928 2648 παντάπασι.
966 2612 1005 2645 τὸ
1029 2611 1063 2645 δέ
1092 2607 1178 2645 εἶδος
1204 2611 1236 2643 οἱ
1260 2610 1321 2654 μὲν
1345 2609 1478 2642 ἁπλοῦν
1503 2608 1635 2653 νενομί-

119 2694 231 2721 κασιν,
252 2679 335 2724 ὕλης
356 2681 490 2722 πολλῆς
516 2679 560 2714 ὡς
585 2682 620 2713 ἐν
644 2676 784 2722 ἀληθείᾳ
811 2674 1086 2722 συνδραμούσης,
1108 2676 1140 2708 οἱ
1163 2675 1199 2708 δέ
1224 2674 1634 2720 συγκατασκευαζόμενον,

120 2744 180 2779 δύο
213 2746 380 2786 λαβόντες
413 2742 619 2790 ἐγκλήματα,
649 2743 688 2776 τὸ
718 2742 801 2776 κατὰ
834 2740 966 2775 Φωκέας
998 2741 1051 2774 καὶ
1084 2737 1228 2785 Θρᾴκην.
1277 2737 1470 2783 Μένανδρος
1503 2737 1540 2771 δέ
1573 2737 1632 2782 ε’μ-
1647 2754 1688 2776 20

119 2809 288 2844 πίπτοντά
313 2809 435 2854 φησιν.
473 2807 631 2852 εἴληπται
655 2807 691 2841 δέ
714 2809 750 2841 ἐκ
773 2807 937 2849 διαβολῆς
961 2805 1001 2839 τὸ
1026 2804 1217 2850 προοίμιον·
1248 2802 1288 2837 δι’
1311 2798 1356 2836 ὧν
1373 2803 1439 2848 γὰρ
1458 2801 1561 2836 αὐτὸν
1581 2803 1634 2836 δε-

119 2874 216 2908 διότα
239 2875 331 2908 ποιεῖ
353 2874 407 2908 καὶ
431 2871 601 2917 δεόμενον,
623 2872 679 2906 διὰ
696 2869 826 2905 τούτων
844 2868 1014 2904 δείκνυσιν
1037 2869 1076 2902 οὐ
1101 2869 1189 2902 πάνυ
1214 2869 1286 2902 τοῖς
1310 2866 1449 2902 δικαίοις
1471 2867 1634 2912 τεθαρρη-

491 2971 510 2998 y
529 2965 653 3010 χρόνον
673 2963 880 2998 Felicianus.
919 2962 1119 3009 Legebatur
1138 2961 1262 3008 χρόνῳ.

818 3039 839 3065 Ζ
863 3039 883 3064 Ζ
907 3035 929 3063 2
