1903 3271
273 193 357 236 394
821 193 1248 232 ΔΗΜΟΣΘΕΝΟΎΣ
1396 191 1479 230 On.
1499 190 1638 230 XIX.
1663 205 1703 245 p.
1719 203 1818 244 375,
1837 207 1853 231 5

274 305 510 371 HpoSmov3
557 306 763 372 Αἰσχίνῃ
795 305 960 373 τούτῳ.
1017 303 1092 354 διὰ
1126 304 1205 365 τί,
1252 304 1322 354 ὅτι
1361 303 1427 356 οἷς
1460 303 1593 357 οὗτος
1628 303 1818 369 ἀπήγ·5

1304 385 1323 413 b

272 395 401 454 γειλε
452 387 571 454 πρὸς
622 390 754 451 ὑμᾶς,
802 387 981 441 τούτοις
1032 389 1253 438 τάναντία
1334 388 1553 452 ἐποίησεν
1603 389 1787 440 ἐκεῖνος.

180 491 256 521 122
274 472 407 525 οὗτος
445 471 529 536 μὲν
563 470 656 537 γὰρ
689 471 807 538 οὲφη
842 469 1086 524 (ῙΘεσπιάς
1126 471 1201 520 καὶ
1238 469 1486 523 Πλαταιὰς
1520 468 1661 520 αὐτὸν
1694 493 1788 520 τει-

272 561 401 623 χιεῖν,
431 558 505 607 καὶ
540 555 648 608 τοὺς
685 555 768 618 μὲν
802 554 993 608 Φωκέας
1027 555 1108 605 οὐκ
1143 556 1352 615 ἀπολεῖν,
1378 553 1464 617 τὴν
1490 553 1538 603 δὲ
1564 554 1793 617 Θηβαίων

271 642 442 706 εὕβριν
482 639 785 689 καταλύσειν·
835 640 860 688 ὁ
900 638 948 688 δὲ
986 636 1092 691 τοὺς
1137 636 1222 701 μὲν
1262 637 1503 700 Θηβαίους
1545 637 1725 703 μείζους
1762 634 1791 700 ἢ

270 725 485 788 προσῆκε
535 723 772 786 πεποίηκε,
816 721 922 775 τοὺς
967 721 1016 772 δὲ
1062 720 1254 774 Φωκεάς
1303 721 1450 786 ἄρδην
1499 720 1789 783 ἀπολώλεκε,
1808 746 1846 767 ιο

906 803 1009 855 sxa}
1049 803 1296 857 Πλαταιὰς
1342 805 1395 854 οὐ
1442 805 1672 871 τετείχικε,
1710 803 1793 855 τὸν

271 807 347 856 καὶ
391 805 473 858 τὰς
524 804 608 867 μὲν
650 804 868 858 Θεσπιὰς

271 890 319 940 δὲ
350 888 645 955 Ὀρχομενὸν
679 891 754 939 καὶ
790 887 876 952 τὴν
910 888 1178 954 Κορώνειαν
1213 886 1788 956 προσεξηνδραπόδισται.

269 978 369 1027 πῶς
395 971 452 1023 ἂν
479 973 784 1037 ἐναντιώτερα
810 971 1052 1038 πράγμαθ’
1081 973 1258 1024 ἑαυτοῖς
1284 971 1463 1021 τούτων
1488 971 1699 1036 γε’νοιτος
1740 973 1800 1022 οὔ

270 1057 426 1107 τοίνυν
471 1057 698 1118 ἀντεῖπεν,
745 1055 849 1106 οὐδὲ
897 1059 1023 1122 διῆρε
1074 1055 1128 1106 τὸ
1178 1054 1350 1117 στόμα,
1393 1056 1486 1105 οὐδ’
1527 1055 1792 1124 ἐφθέγξατο
1810 1079 1844 1112 ¹5

180 1161 255 1204 123
270 1140 478 1190 ἐναντίον
517 1138 661 1189 οὐδέν.
720 1141 795 1190 καὶ
834 1140 936 1206 οὐχὶ
972 1137 1110 1189 τοῦτό
1140 1146 1161 1173 g
1173 1162 1248 1189 πω
1275 1137 1292 1164 ¹¹
1307 1137 1468 1200 δεινὸν,
1496 1137 1794 1202 ἰτηλικοῦτον
1869 1139 1871 1141 ’

272 1222 338 1274 ὅν·
379 1223 512 1274 ἀλλὰ
538 1225 613 1274 καὶ
636 1221 849 1274 Ῐσυνεῖπε
882 1223 1023 1286 μόνος
1049 1227 1144 1273 τῶν
1170 1224 1218 1273 ἐν
1245 1226 1303 1289 τῇ
1328 1220 1467 1273 πόλει
1497 1221 1688 1273 πάντων
1714 1224 1794 1273 ἀν-

272 1308 489 1373 θρώπων.
544 1309 692 1357 καίτοι
722 1307 859 1357 τοῦτό
886 1329 938 1371 γε
966 1305 1070 1356 οὐδὲ
1098 1305 1396 1371 Φιλοκράτης
1421 1304 1656 1370 ἐτόλμησε
1681 1329 1791 1357 ποι-

272 1393 387 1453 ῆσαι
426 1391 451 1440 ὁ
490 1389 668 1456 μιαρὸς,
704 1391 814 1440 ἀλλ’
846 1389 1077 1456 Αἰσχίνης
1113 1390 1290 1441 οὑτοσί.
1350 1391 1425 1439 καὶ
1465 1388 1795 1454 θορυβούντων
1858 1443 1864 1447 ,

272 1476 400 1538 ὑμῶν
439 1476 515 1525 καὶ
554 1475 636 1524 οὐκ
675 1473 934 1524 ἐθελόντων
969 1472 1150 1523 ἀκούειν
1186 1474 1328 1523 αὐτοῦ
1366 1474 1663 1533 καταβαίνων
1697 1472 1791 1525 ἀπὸ
1806 1497 1846 1519 20
1868 1486 1903 1535 ἓ·

270 1565 354 1609 τοῦ
379 1557 605 1622 βήματος,
633 1557 970 1620 ἐνδεικνύμενος
995 1562 1090 1610 τοῖς
1123 1558 1361 1623 πρέσβεσι
1396 1562 1492 1611 τοῖς
1523 1557 1654 1625 παρὰ
1679 1556 1793 1609 1(τοῦ
1864 1535 1880 1587 ἐ

273 1643 517 1693 Φιλίππου
551 1647 773 1707 παροῦσι,
799 1639 1011 1693 πολλοὺς
1045 1641 1136 1708 ἔφη
1170 1639 1277 1694 τοὺς
1312 1645 1631 1707 θορυβοῦντας
1664 1640 1792 1705 εἶναι,

271 1727 461 1791 ὀλίγους
506 1725 555 1776 δὲ
599 1724 707 1778 τοὺς
752 1724 1164 1791 στρατευομένους,
1211 1725 1324 1776 ὅταν
1370 1725 1462 1793 δέῃ,
1507 1724 1538 1789 (l
1552 1726 1795 1790 μέμνησθε

270 1808 405 1876 Π’γόιρ
437 1808 654 1879 Πδήπου),
685 1807 824 1862 αὐτὸς
866 1806 969 1871 Οῶν,
1008 1806 1148 1872 οἶμαι,
1184 1809 1448 1873 θαυμάσιος
1486 1810 1793 1877 στρατιώτης,
1852 1803 1877 1878 ζ’

271 1890 308 1943 ὦ
337 1897 444 1944 Ζεῦ.
1805 1915 1844 1948 25

181 2002 260 2042 ¹24
337 1975 449 2028 ’Έτι
495 1977 665 2039 τοίνυν,
709 1980 747 2027 εἰ
790 1975 911 2040 Ρμὲν
955 1977 1131 2040 μηδένα
1175 1976 1356 2041 (ὶμηδέν
1399 1977 1569 2044 ἔχοντα
1611 1978 1796 2045 ε’ίχομεν

272 2060 418 2129 δεῖξαι
453 2065 548 2112 τῶν
581 2060 847 2126 πρέσβεων,
874 2062 978 2124 μηδ’
1006 2059 1064 2124 ἧν
1096 2059 1209 2112 ὥστ’
1237 2065 1345 2112 ἰδεῖν
1377 2060 1602 2124 ἅπαντας,
1629 2060 1793 2122 βασά-

272 2167 378 2198 νους
410 2147 485 2195 καὶ
512 2143 595 2195 ι’τόι
621 2144 797 2195 τοιαῦθ’
827 2143 1089 2195 ὑπόλοιπον
1115 2144 1172 2195 ἂν
1205 2144 1258 2209 ἧν
1289 2151 1502 2198 σκοπεῖν.
1555 2149 1594 2196 εἰ
1628 2145 1677 2196 δὲ
1703 2149 1794 2196 Φι-

271 2228 508 2295 λοκράτης
538 2227 602 2292 μὴ
634 2228 778 2292 μόνον
805 2226 1040 2293 ὡμολόγει
1074 2230 1181 2295 παρ’
1212 2230 1318 2293 ὑμῖν
1344 2231 1392 2279 ἐν
1417 2233 1484 2298 τῷ
1510 2228 1641 2298 δήμῳ
1667 2236 1790 2280 πολ-

273 2312 421 2375 λάκις,
468 2312 599 2363 ἀλλὰ
650 2315 724 2363 καὶ
775 2312 999 2362 ἐδείκνυεν
1051 2313 1170 2375 ὑμῖν,
1216 2318 1560 2379 Βπυροπωλῶν,
1612 2315 1789 2364 οἰκοδο·
1806 2327 1857 2373 37

271 2402 387 2462 μῶν,
438 2401 708 2460 βαδιεῖσθαι
759 2396 977 2466 φάσκων,
1030 2394 1117 2447 κᾶν
1166 2396 1180 2422 t
1197 2395 1261 2460 μὴ
1312 2400 1604 2464 χειροτονῆτε
1655 2397 1794 2462 ὑμεῖς,
1856 2405 1858 2407 ’

327 2585 347 2613 b
368 2586 545 2635 ἐποίησεν]
569 2589 748 2633 πεποίηκεν
767 2602 795 2623 r.
876 2595 892 2614 0
912 2590 978 2634 ἔφη
999 2601 1068 2623 om.
1089 2601 1141 2634 pr.
1165 2590 1199 2623 S.
1276 2585 1293 2613 (ἲ
1317 2589 1488 2635 Θεσπιὰς]
1514 2589 1675 2624 θεσπειὰς
1694 2602 1722 2624 r.
1742 2590 1794 2624 id-

273 2655 341 2688 que
362 2647 577 2677 constanter.
685 2648 702 2667 θ
723 2641 839 2689 ὕβριν]
865 2641 963 2688 ὕβριν
984 2642 1061 2687 ὑμῖν
1081 2642 1401 2682 F.Y.Q.O.1·.t.u.v.
1517 2639 1532 2667 f
1549 2643 1602 2676 καὶ
1621 2643 1796 2678 Πλαταιὰς

272 2708 293 2730 a
312 2708 358 2730 m.
379 2708 447 2731 see.
469 2697 576 2730 habet
597 2697 632 2730 S.
691 2703 712 2732 g
731 2697 802 2743 πω]
826 2711 892 2730 που
909 2696 1058 2731 O.k.t.u.
1126 2693 1147 2721 h
1167 2697 1276 2730 δεινὸν
1296 2708 1365 2730 om.
1385 2697 1421 2730 S.
1443 2701 1479 2730 et
1498 2708 1550 2742 pr.
1568 2696 1612 2732 Y.
1670 2693 1680 2721 i
1699 2698 1794 2740 τηλι-

272 2752 394 2783 κοῦτον
414 2748 469 2795 ὄν]
495 2751 693 2793 τηλικοῦτον
715 2750 750 2784 S.
781 2750 898 2795 καίπερ
918 2750 1027 2784 δεινὸν
1047 2749 1085 2784 ὅν
1104 2751 1142 2785 k.
1175 2748 1291 2794 καίπερ
1311 2748 1349 2783 ὒν
1369 2749 1478 2783 δεινὸν
1498 2750 1569 2784 A.s.
1677 2746 1690 2782 j
1711 2763 1793 2783 συν-

272 2802 361 2848 εῖπε]
387 2805 559 2837 συνειπεῖν
579 2816 630 2849 pr.
650 2803 684 2838 S.
772 2801 788 2825 k
810 2806 871 2837 τοῦ
892 2803 1050 2837 additum
1071 2815 1115 2838 ex
1133 2803 1331 2838 A.S.Y.k.s.
1424 2799 1435 2827 Ῑ
1454 2801 1645 2848 μέμνησθε]
1668 2803 1793 2848 μέμνη-

273 2865 402 2924 σθΞιΓ.
431 2889 624 2933 μεμνῆσθαι
642 2890 774 2930 A.Q.k.
804 2890 996 2934 μεμνᾶσθαι
1016 2902 1042 2924 s.
1181 2895 1212 2914 m
1231 2889 1298 2935 γὰρ
1317 2890 1352 2923 in
1372 2903 1428 2935 γρ.
1451 2889 1486 2923 S.
1623 2894 1643 2913 1¹
1663 2888 1789 2935 δήπου]

272 2942 441 2986 δήπουθεν
458 2954 476 2975 l·
564 2948 583 2968 0
603 2943 648 2978 ὢν
667 2944 703 2977 iu
722 2958 778 2989 γρ.
804 2943 838 2977 S.
924 2948 943 2976 P
963 2943 1024 2987 μὲν
1044 2954 1112 2977 om.
1136 2943 1172 2977 S.
1254 2948 1273 2975 q
1293 2943 1395 2986 μηδὲν
1415 2954 1485 2977 om.
1502 2947 1601 2977 t.11.v.
1623 2947 1658 2976 et
1675 2954 1730 2988 pr.
1749 2942 1794 2977 O.

271 3001 287 3020 1’
306 2997 348 3030 τὰ
368 3008 437 3030 om.
454 2995 599 3031 O,t.u.v.
672 3002 686 3022 S
706 2996 937 3043 πυροπωλῶν]
962 2998 1169 3042 πυροπολῶν
1188 3008 1217 3030 r.
1249 2998 1435 3042 πυρπολῶν
1453 3001 1479 3030 t.
1550 2994 1564 3020 t
1583 2995 1627 3040 μὴ
1647 3008 1717 3030 om.
1737 3007 1766 3030 r.
