1930 3266
1895 0 1930 191 1

294 197 380 238 288
840 202 1269 241 ΔΗΜΟΣΘΕΝΟΎΣ
1363 200 1440 241 on.
1461 199 1645 241 XVIII.
1666 214 1707 256 p.
1723 210 1822 254 274,
1840 175 1930 252 1⁵4}

361 308 380 330 ’ἓ
460 314 468 327 2
547 312 566 333 ς
684 313 694 327 2
728 313 738 328 s
784 310 806 328 2!
1029 311 1050 329 et
1294 313 1304 328 2
1341 313 1352 331 ν
1414 313 1436 331 ν
1690 313 1702 328 e
1741 314 1752 332 Ι

203 325 281 369 179
383 314 459 376 Ap
513 333 594 361 ουν
644 315 728 363 ουδ
784 320 960 377 ελεγεν,
1013 334 1176 378 ωσπερ
1220 316 1338 364 ειουδ
1405 318 1626 382 εγραφεν,
1675 336 1810 377 ηνικα
1825 337 1861 368 15

294 393 599 459 ἐργάσασθαί
638 394 717 445 ἱ’τι
768 395 859 446 δέοι
903 395 1113 457 οκακόνς
1173 397 1226 446 οὐ
1275 395 1361 459 μὲν
1407 397 1487 447 οὖν
1531 395 1624 460 ἃῆν
1668 401 1810 448 εἰπεῖν

293 476 449 544 ἑτέρῳ.
505 480 580 527 καὶ
611 476 670 527 τὰ
703 476 787 540 μὲν
814 477 945 527 ἄλλα
970 479 1045 527 καὶ
1073 477 1230 544 φέρειν
1256 477 1484 541 Εήδύναθζ
1511 481 1573 532 ὡς
1599 478 1754 541 ἔοικεν,
1781 478 1810 542 ἡ

293 559 308 586 f
318 558 460 613 πόλις
494 563 569 610 καὶ
603 565 750 611 ποιῶν
782 561 915 613 οὗτος
941 560 1238 611 ἕλανθάνειν·
1279 560 1327 612 ἓν
1359 563 1395 613 δ’
1424 561 1807 631 ἐπεξειργάσατο,

292 640 359 691 ¹³03
386 642 548 707 ἄνδρες
573 644 830 705 Ἀθηναῖοι,
857 648 1081 705 τοιοῦτον,
1108 643 1132 694 ὃ
1157 648 1280 694 πᾶσι
1311 649 1406 698 τοῖς
1430 645 1671 711 προτέροις
1697 645 1801 695 ἐπέ-

292 729 403 788 θηκε
441 725 590 779 τέλος·
633 728 736 791 περὶ
775 726 829 776 οὗ
867 725 971 779 τοὺς
1007 726 1219 781 πολλοὺς
1255 726 1502 778 ἰοἰνάλωσε
1537 728 1722 794 λόγους,
1749 727 1808 778 τὰ
1821 748 1861 771 20

291 812 384 857 τῶν
411 806 762 876 1(Ἀμφισσέων
788 808 900 860 1τῶν
927 814 1124 876 Λοκρῶν
1151 810 1332 880 διεξιὼν
1358 811 1584 876 δόγματα,
1615 815 1676 865 ὡς
1703 815 1803 863 δια-

291 892 520 959 στρέψων
545 894 758 957 τάληθές.
809 894 863 944 τὸ
891 896 927 945 δ’
957 897 1010 945 οὐ
1036 896 1246 946 τοιοῦτόν
1271 897 1388 945 ἐστι·
1427 895 1640 956 1Ήπόθενς
1681 897 1807 947 οὐδέ-

289 978 393 1027 ποτ’
439 978 609 1046 ἐκνίψῃ
659 977 723 1028 σὺ
774 981 906 1029 τάκεῖ
954 980 1261 1045 πεπραγμένα
1311 982 1489 1047 σαυτῷ·
1550 980 1637 1046 οὐχ
1686 981 1807 1031 οὕτω

288 1059 454 1110 πολλὰ
480 1063 605 1126 ἐρεῖς.

198 1151 277 1191 180
366 1147 517 1193 Καλῶ
544 1145 580 1193 δ’
604 1144 811 1195 ἐναντιόν
838 1145 980 1207 ὑμῶν,
1001 1141 1065 1193 ¹¹03
1091 1144 1252 1210 ἄνδρες
1277 1145 1518 1208 Ἀθηναῖοι,
1539 1143 1648 1197 τοὺς
1673 1143 1803 1198 θεοὺς
1817 1166 1856 1198 ²5

289 1226 504 1281 Οπάντας
539 1230 614 1278 καὶ
650 1227 825 1290 πάσας,
862 1229 968 1279 ὅσοι
1005 1228 1090 1291 τὴν
1125 1228 1284 1296 χώραν
1320 1229 1482 1296 ἔχουσι
1521 1227 1606 1292 τὴν
1638 1230 1801 1280 Ἀττι-
1927 1226 1930 1314 J

288 1308 386 1373 κὴν,
421 1310 497 1360 καὶ
531 1309 613 1360 τὸν
645 1312 878 1362 Ἀπόλλω
917 1309 999 1361 τὸν
1037 1310 1228 1373 Πύθιον,
1265 1309 1315 1364 ὃς
1352 1309 1568 1380 πατρῷός
1604 1312 1707 1361 ἐστι
1744 1314 1803 1378 τῇ
1926 1329 1930 1380 Ι

286 1393 437 1456 πόλει,
472 1396 581 1444 Ρκαὶ
619 1395 871 1462 ἐπεύχομαι
909 1399 1031 1446 πᾶσι
1069 1394 1261 1456 τούτοις,
1299 1397 1335 1445 εἰ
1375 1394 1458 1457 μὲν
1496 1397 1652 1458 ἀληθῆ
1687 1394 1805 1461 πρὸς
1925 1389 1930 1447 ἷ

287 1479 404 1541 ὑμᾶς
436 1478 606 1542 εἴποιμι
644 1482 720 1529 καὶ
755 1478 885 1530 εἶπον
911 1479 1034 1530 qro'r'
1062 1478 1194 1533 εὐθὺς
1224 1481 1272 1530 ἐν
1298 1483 1364 1548 τῷ
1389 1478 1534 1549 δήμῳ,
1562 1478 1637 1530 ὅτε
1667 1484 1797 1545 πρῶ·
1818 1497 1896 1543 275

284 1584 367 1613 τον
386 1560 506 1614 εἶδον
526 1566 733 1614 Υτουτονὶ
758 1563 840 1614 τὸν
864 1564 1031 1630 μιαρὸν
1056 1563 1223 1614 τούτου
1248 1569 1330 1614 τοῦ
1355 1562 1632 1629 πράγματος
1658 1561 1804 1614 ἁπτό-

283 1669 424 1709 μενον
454 1647 622 1712 (ἔγνων
648 1646 755 1714 γὰρ,
783 1648 947 1700 εὐθέως
981 1647 1168 1717 ἔγνων),
1195 1648 1408 1714 εὐτυχίαν
1437 1670 1517 1711 μοι
1544 1650 1703 1698 δοῦναι
1728 1649 1804 1698 καὶ

283 1732 537 1796 σωτηρίαν,
564 1734 601 1781 εἱ
634 1729 682 1780 δὲ
714 1729 834 1797 πρὸς
869 1730 1042 1797 ε”χθραν
1068 1729 1096 1794 ἢ
1125 1730 1410 1799 φιλονεικίας
1442 1731 1558 1784 ἰδίας
1588 1731 1699 1782 ἕνεκ’
1726 1735 1800 1782 αἱ·

281 1815 386 1864 τίαν
418 1815 579 1879 ἐπάγω
613 1814 763 1883 τούτῳ
795 1816 962 1883 ψευδῆ,
988 1813 1180 1865 πάντων
1209 1819 1304 1866 τῶν
1334 1815 1527 1880 ἀγαθῶν
1551 1813 1829 1880 Βάνόνητόν5

280 1920 339 1961 με
364 1898 597 1962 ῒποιῆσαι.

186 1987 261 2028 181
353 1983 420 2033 Τί
453 1982 534 2032 οὖν
572 1984 697 2032 ταῦτ’
736 1981 971 2049 ἐπήραμαι
1011 1984 1087 2032 καὶ
1125 1980 1413 2046 διετεινάμην
1452 1983 1627 2033 οὑτωσὶ
1664 1987 1797 2052 σφο-

278 2068 434 2132 δρῶς,
479 2065 550 2116 ὅτι
574 2068 685 2117 una}
715 2065 951 2132 γράμματ’
979 2066 1134 2133 Χἔχων
1168 2068 1216 2116 ἐν
1250 2069 1317 2135 τῷ
1354 2067 1568 2135 δημοσίῳ
1600 2068 1798 2130 κείμενα,

278 2148 336 2217 ἐξ
375 2147 441 2200 ὧν
487 2150 615 2200 ταῦτ’
656 2150 870 2219 ἐπιδείξω
914 2154 1098 2218 σαφῶς,
1144 2152 1219 2200 καὶ
1269 2151 1387 2214 ὑμᾶς
1431 2148 1562 2204 εἰδὼς
1605 2148 1665 2201 τὰ
1707 2173 1792 2202 πε-

276 2233 526 2298 πραγμένα
558 2240 577 2268 y
586 2233 974 2298 μνημονεύοντας,
1000 2235 1144 2284 ἐκεῖνο
1179 2236 1434 2302 φοβοῦμαι,
1469 2230 1535 2297 μὴ
1569 2236 1665 2283 τῶν
1698 2236 1793 2300 εἱρ-

331 2443 351 2464 8
369 2438 440 2473 οὐδ’
461 2439 628 2485 ἔγραφεν]
654 2439 714 2473 οὐκ
732 2439 883 2485 ἔγραφεν
901 2451 928 2472 r.
1067 2434 1087 2463 b
1107 2452 1141 2472 τι
1160 2449 1230 2472 om.
1252 2443 1278 2473 t.
1417 2443 1435 2464 ⁰
1453 2436 1567 2484 κακόν]
1594 2437 1797 2484 Legebatur

277 2519 377 2552 κακὸν
396 2518 493 2563 ὑμᾶς.
524 2518 609 2563 ὑμᾶς
627 2531 697 2553 om.
716 2518 751 2553 S.
768 2519 805 2552 in
819 2533 875 2564 γρ.
893 2518 1025 2552 habent
1042 2518 1134 2558 RQ.
1219 2514 1239 2543 d
1258 2516 1298 2561 ἦν
1316 2517 1437 2564 εἰπεῖν]
1461 2499 1566 2552 εἷτί-Ιεῖν
1585 2500 1624 2561 ἧύ
1645 2518 1681 2553 S.
1715 2518 1794 2554 Vid-

276 2572 321 2606 ad
339 2584 373 2617 p.
390 2570 479 2614 228,
500 2583 559 2607 10.
689 2577 705 2597 θ
725 2571 877 2618 ἢδύναθ’]
903 2570 1063 2616 ἡδύνασθ’
1086 2572 1123 2607 S.
1248 2568 1264 2596 f
1280 2572 1382 2607 πόλις
1398 2572 1451 2605 καὶ
1470 2572 1624 2607 A.S.k.s.
1653 2570 1756 2608 πόλις
1774 2570 1796 2606 ἃ

275 2625 393 2671 vulgo.
415 2631 450 2660 et
472 2627 507 2660 S.
530 2638 551 2660 a
569 2638 616 2659 m.
636 2626 752 2660 tertia.
876 2630 896 2658 g
915 2625 1093 2659 λανθάνειν
1113 2625 1148 2659 S.
1178 2625 1361 2659 ἐλάνθανεν
1379 2625 1498 2671 vulgo.
1520 2630 1556 2660 et
1576 2625 1612 2660 S.
1633 2637 1653 2659 a
1671 2637 1717 2659 m.
1741 2637 1794 2660 se-

276 2679 401 2712 cunda.
486 2676 506 2703 h
526 2676 552 2713 ὦ
571 2691 641 2713 om.
663 2678 997 2724 A.F.S.O.k.p.u.v.
1081 2675 1091 2703 ἱ
1111 2677 1284 2724 ἀνάλωσε]
1306 2677 1463 2722 ἀνήλωσε
1484 2679 1520 2714 S.
1600 2675 1622 2703 k
1641 2676 1795 2724 Ἀμφισ-

276 2732 382 2778 σέων]
402 2732 583 2776 ἀμφισέων
600 2733 635 2766 S.
713 2729 723 2757 l
743 2735 810 2766 τῶν
826 2736 963 2777 Λοκρῶν
978 2744 1049 2766 0111.
1064 2732 1108 2767 Y.
1138 2735 1206 2766 τῶν
1221 2744 1291 2766 om.
1309 2744 1377 2777 p.S.
1453 2737 1483 2757 ¹¹¹
1503 2732 1616 2766 πόθεν·
1638 2730 1794 2766 οὐδέποτ’

274 2785 524 2824 A.F.S.Q.k.s.
568 2786 684 2820 πόθεν·
711 2787 846 2820 πολλοῦ
865 2800 905 2831 γε
929 2786 980 2819 καὶ
1003 2786 1065 2819 δεῖ·
1093 2783 1249 2819 οὐδέποτ’
1268 2786 1386 2831 vulgo.
1407 2791 1443 2819 et
1464 2785 1499 2819 S.
1521 2797 1542 2820 a
1559 2797 1606 2820 m.
1628 2785 1793 2820 secunda.

276 2843 296 2862 ¹¹
317 2835 345 2871 ὦ
362 2850 432 2873 om.
457 2839 494 2873 S.
593 2844 612 2863 0
631 2839 759 2874 πάντας
777 2839 888 2884 Y.p.r.
923 2839 1123 2884 Legebatur
1141 2837 1301 2874 ἅπαντας.
1388 2843 1408 2872 Ρ
1428 2839 1482 2872 καὶ
1501 2837 1686 2883 ἐπεύχομαι
1705 2840 1792 2872 πᾶσι

275 2889 425 2937 τούτοις]
447 2893 534 2926 πᾶσι
553 2890 689 2926 τούτοις
708 2891 893 2937 ἐπεύχομαι
912 2893 947 2926 k.
1073 2897 1091 2925 q
1111 2891 1199 2939 τότ’]
1225 2892 1279 2926 καὶ
1296 2893 1366 2925 τότ’
1388 2891 1474 2931 S.Q.
1599 2896 1615 2916 ¹¹
1633 2891 1786 2938 τουτονὶ]

274 2946 396 2978 τοῦτον
414 2946 494 2979 A.k.
603 2950 617 2970 S
637 2944 814 2990 ἀνόνητόν]
837 2945 979 2989 ἀνόητον
999 2945 1082 2980 O.u.
1179 2944 1194 2971 t
1212 2944 1371 2990 ποιῆσαι]
1394 2945 1554 2991 γενέσθαι
1573 2957 1600 2979 s,
1697 2949 1720 2970 Π
1738 2945 1792 2979 καὶ

274 3008 344 3031 om.
368 2997 403 3031 S.
493 3004 513 3022 X
532 3000 620 3043 ἔχων
640 3010 709 3033 om.
730 3011 781 3045 pr.
797 2998 840 3033 Y.
933 3004 952 3032 y
970 2997 1257 3045 μνημονεύοντας]
1281 2997 1578 3043 μνημονεύσοντας
1597 2997 1683 3037 S.Q.
