1882 3250
240 170 295 209 68
779 179 1204 216 ΔΗΜΟΣΘΕΝΟΎΣ
1456 176 1538 216 On.
1560 176 1610 215 V.
1633 189 1674 230 p.
1689 176 1759 226 61,
1775 191 1792 217 2

241 306 524 348 ποννησιων,
551 295 568 322 ‘³
586 286 691 337 ὅσοι
730 287 907 338 Γταύτόι
937 288 1116 342 τούτοις
1152 293 1396 355 φρονοῦσι,
1424 287 1500 338 διὰ
1524 287 1610 351 τὴν
1635 287 1752 353 πρὸς

248 370 642 433 Λακεδαιμονίους
680 371 789 433 ἡμῖν
823 372 1141 437 ἐπικηρυκείαν
1176 373 1354 438 ἐχθρῶς
1397 371 1642 438 σχήσουσι
1680 373 1757 422 καὶ

244 448 298 500 τὸ
338 453 486 501 δοκεῖν
520 453 796 520 ἐκδέχεσθαί
829 477 873 504 τι
911 459 1005 503 τῶν
1036 455 1221 506 ἐκείνοις
1258 454 1614 519 πεπραγμένων,
1653 457 1754 517 Θη-

244 538 370 593 βαῖοι
409 536 445 584 δ’
475 535 637 601 ἔχουσι
672 538 770 598 μὲν,
797 539 858 590 ὡς
896 537 1135 601 λέγουσιν,
1161 539 1390 604 ἀπεχθῶς,
1417 539 1482 588 ε”τι
1516 540 1552 588 δ’
1579 540 1745 604 ἐχθρο-
1764 564 1802 596 ²5
1861 564 1864 603 j

245 616 386 682 τέρως
413 617 699 684 σχήσουσιν,
727 620 797 669 ὅτι
823 618 930 672 τοὺς
965 621 1072 685 παρ’
1102 621 1283 670 ἐκείνων
1310 621 1571 686 φεύγοντας
1596 621 1750 687 σώζο-

245 724 331 763 μεν
370 703 443 751 καῖ
478 700 633 752 πάντα
667 703 843 768 τρόπον
874 702 960 766 τὴν
995 705 1269 766 δυσμένειαν
1306 704 1637 768 Ξένδεικνύμεθ
1667 705 1749 755 αὐ·

184 803 233 844 19
248 788 356 845 τοῖς,
394 787 628 835 Θετταλοὶ
668 787 722 845 δ’,
762 785 832 835 ὅτι
876 785 984 839 τοὺς
1029 786 1229 836 Φωκέων
1272 786 1489 853 φυγάδας
1532 787 1755 852 σώζομεν,

249 867 487 919 Φίλιππος
521 869 576 925 δ’,
606 868 675 917 ὅτι
710 869 951 931 κωλύομεν
977 868 1118 919 αὐτὸν
1144 875 1376 920 κοινωνεῖν
1401 873 1484 932 τῆς
1517 872 1750 938 ἀμφικτυ-
1767 884 1821 925 62

246 949 385 1010 ονίας,
414 954 655 1017 φοβοῦμαι
690 949 754 1013 μὴ
781 949 951 1003 πάντες
988 953 1093 1016 περὶ
1128 955 1221 1001 τῶν
1248 952 1374 1001 ἰδίων
1409 951 1606 1004 ἕκαστος
1641 953 1749 1018 ‘dp-

247 1032 483 1099 γιζόμενος
521 1032 675 1084 κοινὸν
710 1035 782 1102 ἐφ’
812 1035 930 1098 ἡμᾶς
962 1033 1183 1100 ἀγάγωσι
1220 1034 1303 1085 τὸν
1328 1034 1554 1097 πόλεμον,
1581 1034 1640 1085 τὰ
1665 1040 1760 1086 τῶν

246 1116 607 1185 Ἀμφικτυόνων
633 1125 653 1142 ¹¹
663 1116 877 1183 δόγματα
894 1116 1321 1183 Χπροστησάμενοι,
1341 1115 1419 1168 εἶτ’
1439 1119 1754 1169 ἐπισπασθῶ-

246 1223 327 1250 σιν
353 1201 543 1251 ἕκαστοι
568 1209 586 1235 5
601 1201 722 1266 πέρα
746 1207 829 1252 τοῦ
854 1201 1180 1268 συμφέροντος
1206 1202 1383 1254 ἑαυτοῖς
1407 1202 1515 1265 ἡμῖν
1539 1205 1753 1266 πολεμῆ-
1768 1230 1786 1261 5

182 1308 234 1336 20
247 1305 344 1344 σαι,
371 1281 532 1349 ὥσπερ
568 1285 643 1333 καὶ
680 1285 784 1347 περὶ
824 1283 1029 1336 Φωκέας.
1072 1284 1173 1334 ἰ’στε
1205 1283 1298 1349 γὰρ
1335 1283 1484 1347 δήπου
1521 1286 1663 1345 τοῦθ’,
1689 1284 1760 1336 ὅτι

249 1372 330 1417 νῦν
376 1370 580 1430 Θηβαῖοι
625 1368 700 1416 καὶ
746 1368 986 1421 Φίλιππος
1028 1370 1104 1418 καὶ
1149 1370 1384 1418 Θετταλοὶ
1428 1369 1531 1435 οὐχὶ
1575 1376 1592 1394 ²
1613 1367 1760 1419 ταύτὰ

248 1450 469 1501 ἢὲκαστοι
503 1449 717 1512 μάλιστα
756 1451 1097 1504 ἐσπουδακότες
1137 1450 1283 1501 ταύτὰ
1325 1451 1495 1506 πάντες
1535 1452 1760 1520 ἔπραξαν,

250 1532 346 1584 οἷον
382 1538 587 1598 Θηβαῖοι
623 1533 740 1585 brbv
781 1535 866 1597 μὲν
908 1537 1151 1586 Φίλιππον
1186 1539 1438 1600 παρελθεῖν
1478 1538 1552 1586 καὶ
1591 1541 1760 1595 λαβεῖν
1775 1563 1812 1584 ιο
1853 1545 1857 1596 j

249 1616 333 1671 τὰς
358 1619 592 1683 παρόδους
618 1620 700 1669 οὐκ
736 1628 751 1646 ⁶
766 1619 995 1683 ἠδύναντο
1024 1624 1252 1681 κωλῦσαι,
1279 1619 1389 1669 οὐδέ
1407 1642 1462 1684 γε
1487 1624 1581 1670 τῶν
1606 1621 1762 1673 αὑτοῖς

184 1727 231 1754 21
249 1702 583 1766 πεπονημένων
610 1705 816 1753 ὕστατον
841 1701 1042 1753 ἐλθόντα
1079 1702 1164 1766 τὴν
1199 1701 1344 1771 δόξαν
1370 1702 1505 1769 ἔχειν·
1547 1705 1645 1754 νυνὶ
1670 1702 1764 1770 γὰρ

1242 1785 1259 1813 d

251 1787 482 1849 Θηβαίοις
525 1786 642 1851 πρὸς
683 1785 768 1849 μὲν
812 1784 866 1836 τὸ
903 1785 989 1850 τὴν
1031 1786 1192 1852 χώραν
1276 1786 1553 1849 κεκομίσθαι
1605 1785 1759 1837 Εκάλ·

250 1876 398 1920 λιστα
440 1869 715 1936 πέπρακται,
761 1869 880 1935 πρὸς
926 1869 974 1921 δὲ
1017 1869 1156 1934 τιμὴν
1201 1871 1276 1920 καὶ
1321 1869 1468 1938 δόξαν
1511 1869 1759 1936 α’ίσχιστα·
1852 1933 1854 1935 ¹

251 1957 288 2003 εἷ
314 1952 407 2019 γὰρ
444 1953 509 2017 μὴ
542 1957 757 2020 παρῆλθε
793 1955 1044 2015 Φίλιππος,
1071 1953 1203 2004 οὐδὲν
1236 1952 1294 2004 ἂν
1319 1954 1474 2007 αὐτοῖς
1511 1953 1657 2004 ἐδόκει
1693 1951 1757 2004 εἶ·
1780 1977 1815 2010 15
1852 1963 1854 1976 ἱ

253 2061 340 2089 ναι.
382 2044 528 2089 ταῦτα
567 2039 604 2089 δ’
646 2039 728 2089 οὐκ
768 2038 1062 2103 ῗήβούλοντο,
1094 2036 1225 2088 ἀλλὰ
1261 2041 1327 2106 τῷ
1358 2037 1440 2088 τὸν
1473 2035 1766 2105 Ὀρχομενὸν

254 2124 328 2172 καὶ
370 2121 455 2185 τὴν
503 2122 772 2188 Κορώνειαν
812 2127 979 2182 λαβεῖν
1023 2124 1275 2185 ἐπιθυμεῖν,
1313 2120 1379 2185 μὴ
1427 2119 1658 2172 δύνασθαι
1704 2120 1768 2184 δὲ,

187 2220 237 2249 22
254 2215 273 2243 ἕ
287 2205 444 2257 πάντα
481 2208 609 2257 ταῦθ’
639 2207 902 2270 ὑπέμειναν.
972 2208 1215 2257 Φίλιππον
1240 2206 1396 2256 τοίνυν
1421 2204 1538 2258 τινὲς
1569 2204 1655 2268 μὲν
1680 2204 1763 2270 δή·

308 2375 328 2402 q
347 2369 442 2416 ὅσοι]
467 2369 545 2403 ὅσοι
564 2384 603 2416 γε
622 2370 662 2413 δὴ
683 2370 804 2405 O.u.v.
929 2377 944 2395 1'
963 2371 1068 2404 ταυτὰ
1090 2371 1126 2405 S.
1158 2371 1200 2403 τὰ
1219 2370 1302 2404 αὐτὰ
1321 2370 1441 2415 vulgo.
1568 2374 1583 2395 S
1603 2368 1768 2404 ἐνδεικνύ-

254 2421 346 2468 μεθ’]
371 2422 554 2467 δεικνύμεθ’
576 2423 618 2456 Y.
757 2424 766 2443 ¹
789 2423 1003 2469 ὀργιζόμενος
1023 2423 1277 2458 Β.Γ.5,Ο.ιι.ν.
1325 2422 1525 2468 Legebatur
1545 2422 1768 2468 ὀργιζόμενοι.

257 2475 313 2509 Sic
333 2488 388 2522 ap.
408 2476 588 2521 Aristoph.
605 2476 659 2510 Pl.
680 2475 766 2523 785.
788 2477 825 2510 in
843 2477 941 2511 libris
960 2477 1080 2510 multis
1101 2477 1270 2522 scriptum
1291 2482 1343 2509 est
1364 2474 1608 2520 ἐνδεικνύμενοι
1627 2475 1770 2511 ἕκαστος

256 2530 386 2562 εὔνοιάν
405 2544 470 2563 τινι
490 2529 550 2563 ubi
569 2535 662 2563 recte
680 2530 739 2563 alii
758 2529 1016 2574 ἐνδεικνύμενος.
1129 2535 1150 2554 ¹1
1170 2530 1323 2575 δόγματα
1341 2528 1638 2575 προστησάμενοι]
1659 2543 1771 2575 προσ·

256 2583 440 2626 τησάμενοι
460 2583 612 2628 δόγματα
631 2583 674 2617 Y.
786 2589 802 2604 x
824 2582 1121 2629 προστησάμενοι]
1145 2582 1454 2636 προσστησάμενοι
1473 2582 1509 2617 S.
1627 2588 1648 2616 Y
1665 2581 1771 2629 πέρα]

256 2650 355 2696 πέραι
377 2652 412 2685 S.
442 2651 520 2696 περὶ
540 2651 754 2686 B.F.0.u.v.
777 2657 812 2686 et
831 2658 1008 2687 correctus
1027 2653 1070 2686 Y.
1247 2657 1264 2676 Ζ
1285 2651 1409 2698 ταύτὰ]
1435 2652 1476 2685 τὰ
1495 2651 1580 2686 αὐτὰ
1600 2652 1642 2687 Β.
1661 2652 1719 2686 hie
1738 2656 1775 2687 et

257 2705 376 2749 paullo
395 2710 487 2750 post.
618 2710 637 2729 a
655 2704 792 2739 ἕκαστοι
811 2705 980 2751 μάλιστα]
1004 2706 1157 2750 μάλιστα
1177 2705 1314 2739 ἕκαστοι
1335 2704 1542 2740 B.F.O.u.v.
1675 2701 1695 2730 b
1715 2705 1776 2739 τὸν

259 2758 319 2800 μὲν
338 2756 512 2791 Φίλιππον
531 2770 600 2791 om.
622 2758 663 2791 Y.
785 2764 801 2783 ὓ
821 2757 1001 2804 ἠδύναντο]
1024 2758 1184 2793 ἐδύναντο
1200 2759 1286 2793 AB.
1409 2754 1428 2782 d
1448 2757 1662 2804 κεκομίσθαι]
1685 2759 1776 2803 ἔχειν

260 2811 313 2843 καὶ
332 2811 528 2853 κεκομίσθαι
551 2811 636 2845 B.F.
761 2817 776 2836 e
797 2813 969 2846 κάλλιστα
987 2811 1192 2857 πέπρακται]
1217 2811 1404 2857 πέπρακταί
1422 2825 1455 2845 τι
1475 2811 1512 2846 S.
1636 2808 1652 2836 f
1669 2809 1774 2856 ἠβού-

259 2863 380 2909 λοντο]
405 2863 592 2904 ἐβούλοντο
613 2865 691 2898 B.v.
803 2873 823 2901 g
843 2866 953 2900 πάντα
971 2865 1065 2900 ταῦθ’
1086 2865 1221 2900 A.S.Y.
1252 2868 1358 2899 ταῦτα
1376 2863 1474 2898 πάνθ’
1493 2864 1613 2911 vulgo.
