1930 3266
55 193 151 238 277,
168 201 221 228 29.
574 189 700 226 ΠΕΡΙ
729 189 840 226 TOT
868 188 1173 226 ΣΤΕΦΑΝΟΤ.
1544 187 1623 230 291

116 296 300 350 πόλεως
342 299 528 366 ἀξίωμα
569 297 736 359 λαβών
773 298 967 367 ἀφίκετο
1011 302 1074 351 εἷς
1114 297 1218 350 τοὺς
1258 299 1622 366 Ἀμφικτύονας,

115 380 271 432 πάντα
308 381 450 431 τᾶλλ’
478 384 611 449 ἀφεὶς
649 384 724 432 καὶ
763 380 1004 448 Ζπαριδών
1040 381 1274 447 ἐπέραινεν
1313 383 1385 448 ἐφ’
1414 380 1479 435 οἷς
1518 386 1652 444 ε’μι-5

116 465 298 529 σθώθη,
318 467 392 515 καὶ
418 464 591 530 λόγους
618 466 953 530 εὐπροσώπους
980 468 1054 515 καὶ
1079 466 1266 529 μύθους,
1290 466 1395 516 ὅθεν
1421 467 1448 525 ἡ
1476 470 1621 532 ὃΚιρ-

111 549 220 614 ραία
255 548 388 615 χώρα
427 548 699 615 καθιερώθη,
726 551 912 601 συνθεὶς
950 551 1026 599 καὶ
1065 548 1315 617 διεξελθών
1347 550 1620 614 ἀνθρώπους

112 630 355 696 ἱὀἰπείρους
393 630 553 696 λόγων
591 634 667 682 καὶ
702 632 756 682 τὸ
793 631 975 694 με’λλον
1015 631 1068 680 οὐ
1108 631 1472 696 προορωμένους,
1512 631 1620 685 τοὺς

21 714 459 781 19Ιὶερομνήμονας,
500 717 644 767 πείθει
681 716 998 785 ψηφίσασθαι
1034 719 1292 781 περιελθεῖν
1331 714 1416 779 τὴν
1459 716 1620 782 χώραν

107 798 164 863 ἣν
201 803 242 849 οἱ
279 799 364 862 μὲν
399 802 688 867 Ἀμφισσεῖς
720 804 863 866 σφῶν
890 800 1042 849 αὐτῶν
1067 800 1216 849 οὖσαν
1239 805 1462 864 γεωργεῖν
1495 800 1614 868 ε”φα-
1635 826 1673 847 ιο

106 905 214 945 σαν,
242 883 375 937 οὗτος
402 883 450 933 δὲ
475 886 557 946 τῆς
597 887 718 948 ἱερᾶς
753 882 909 949 χώρας
938 883 1100 950 ᾐτιᾶτο
1137 880 1264 944 εἶναι,
1291 883 1507 945 οὐδεμίαν
1542 882 1613 932 δί-

105 968 190 1030 κην
216 971 310 1017 τῶν
337 970 535 1032 Λοκρῶν
563 966 862 1030 Οέπαγόντων
888 967 1009 1030 ἡμῖν,
1039 967 1129 1016 οὐδ’
1156 965 1185 1015 ἃ
1211 972 1292 1016 νῦν
1311 964 1474 1019 ᾱοῧτος
1499 990 1616 1033 προ-

39 1074 91 1117 92
107 1050 367 1119 φασίζεται,
409 1050 565 1115 λε’γων
607 1052 689 1100 οὐκ
731 1053 900 1114 ἀληθῆ.
941 1051 1187 1115 γνώσεσθε
1229 1053 1264 1099 δ’
1307 1051 1488 1101 ἐκεῖθεν.
1533 1051 1615 1101 οὐκ

102 1134 209 1196 ἐνῆν
235 1134 342 1184 ἄνευ
368 1140 451 1184 τοῦ
478 1134 935 1200 Επροσκαλέσασθαι
962 1133 1111 1197 δήπου
1136 1139 1231 1186 τοῖς
1259 1137 1457 1199 Λοκροῖς
1483 1135 1613 1198 δίκην

100 1215 219 1267 κατὰ
245 1220 327 1280 τῆς
361 1216 544 1270 πόλεως
581 1216 903 1269 ἰτελέσασθαι.
944 1218 1012 1270 τίς
1044 1219 1124 1267 οὖν
1149 1217 1429 1282 ἐκλήτευσεν
1456 1219 1606 1281 ἡμᾶς-ς
1630 1243 1664 1276 15

98 1302 199 1351 ἕέπῖ
233 1301 370 1354 ποίας
406 1304 582 1368 ἀρχῆςς
625 1301 721 1352 εἰπὲ
750 1301 831 1351 τὸν
872 1300 1038 1364 εἰδότα,
1078 1301 1243 1369 δεῖξον.
1289 1302 1400 1351 ἀλλ’
1441 1303 1523 1352 οὐκ
1555 1300 1612 1353 ἂν

449 1383 588 1452 ὴκενῇ
633 1384 873 1452 προφάσει
922 1383 1067 1452 ταύτῃ
1108 1389 1318 1450 κατεχρῶ
1369 1386 1444 1434 καὶ
1485 1389 1605 1453 ψευ-

98 1383 232 1450 ἔχοις,
274 1384 405 1434 ἀλλὰ

13 1484 83 1525 ¹93
97 1470 175 1518 δεῖ.
219 1467 492 1534 περιιόντων
518 1470 671 1518 τοίνυν
697 1467 783 1531 τὴν
810 1468 969 1534 χώραν
995 1472 1088 1518 τῶν
1107 1467 1469 1534 Ἀμφικτυόνων
1490 1469 1610 1519 κατὰ

93 1550 178 1615 τὴν
213 1550 472 1619 ἰὑφήγησιν
498 1552 582 1616 τὴν
608 1552 788 1615 τούτου,
821 1550 1208 1618 ιςπροσπεσόντες
1249 1556 1289 1602 οἱ
1317 1556 1491 1618 Λοκροὶ
1525 1576 1602 1615 μι-
1623 1579 1663 1601 20

94 1641 205 1701 κροῦ
244 1633 345 1698 1μὲν
370 1634 753 1699 ΠΙκατηκόντισαν
783 1634 1008 1696 ἅπαντας,
1035 1634 1162 1688 τινὰς
1198 1635 1245 1686 δὲ
1284 1638 1386 1685 11καὶ
1422 1635 1602 1702 συνήρ-

91 1742 255 1770 πασαν
280 1724 374 1770 τῶν
401 1719 762 1786 ἱερομνημόνων.
807 1722 868 1773 ὡς
895 1721 931 1769 δ’
963 1719 1097 1787 ἅπαξ
1130 1720 1180 1769 ἐκ
1217 1720 1396 1769 τούτων
1427 1719 1599 1785 ἐγκλή-

91 1826 216 1863 ματα
255 1805 328 1853 καὶ
364 1802 572 1866 πόλεμος
611 1803 729 1868 πρὸς
764 1802 870 1855 τοὺς
905 1803 1198 1871 Ἀμφισσεῖς
1241 1802 1518 1870 Οἐταράχθη,
1551 1802 1604 1854 τὸ

91 1885 175 1949 μὲν
200 1892 389 1952 πρῶτον
421 1888 446 1936 ὁ
483 1886 733 1954 Κόττυφος
759 1887 912 1936 αὐτῶν
947 1891 1041 1936 τῶν
1066 1886 1429 1954 Ἀμφικτυόνων
1455 1888 1605 1953 ἤγαγε

25 1969 335 2036 94στρατιὰν,
365 1973 426 2023 ὡς
465 1971 502 2019 δ’
531 1974 572 2020 οἱ
597 1969 682 2033 μὲν
717 1971 799 2019 οὐκ
838 1968 1000 2033 ἦλθον,
1028 1978 1046 2006 Ρ
1066 1974 1106 2020 οἱ
1146 1973 1186 2020 δ’
1214 1970 1432 2025 ἐλθόντες
1471 1972 1601 2022 οὐδὲν
1617 2002 1654 2033 25

87 2055 286 2115 ἐποίουν,
313 2058 374 2106 εἷς
411 2053 497 2117 τὴν
529 2055 755 2104 ἐπιοῦσαν
788 2054 996 2104 πυλαίαν
1030 2057 1104 2105 ἐπὶ
1131 2053 1212 2105 τὸν
1240 2056 1483 2106 Φίλιππον
1518 2057 1595 2106 εὐ-

86 2135 168 2190 θὺς
206 2136 410 2202 ἡγεμόνα
449 2136 564 2201 ἦγον
590 2140 629 2187 οἱ
657 2137 1082 2200 κατεσκευασμένοι
1117 2141 1191 2188 καὶ
1218 2137 1367 2189 πάλαι
1403 2142 1598 2206 πονηροὶ

84 2226 178 2271 τῶν
204 2224 462 2271 Θετταλῶν
493 2223 567 2270 καὶ
593 2224 686 2270 τῶν
721 2223 769 2271 ἐν
795 2225 894 2273 ταῖς
926 2220 1098 2274 ἄλλαις
1136 2220 1325 2272 πόλεσι.
1370 2225 1444 2272 καὶ
1470 2246 1593 2288 προ-

84 2303 254 2373 φάσεις
291 2302 514 2369 εὐλόγους
553 2303 829 2371 εἱλήφεσαν·
869 2302 910 2372 ὴ
925 2303 1018 2370 γὰρ
1045 2304 1211 2358 αὐτοὺς
1251 2306 1484 2372 εἷσφερειν
1521 2309 1595 2357 καὶ

139 2483 155 2502 2
174 2477 340 2523 παριδὼν]
365 2478 510 2522 περιδὼν
528 2490 562 2512 u.
653 2484 671 2502 a
692 2479 849 2525 Κιρραία]
874 2479 1025 2524 καιρραία
1046 2492 1071 2513 s.
1161 2476 1180 2504 b
1200 2478 1375 2525 ἀπείρους]
1399 2479 1545 2525 ἀπείρων
1564 2493 1591 2514 r.

83 2535 100 2554 ⁰
119 2530 327 2576 ἐπαγόντων]
351 2532 498 2575 ἐχόντων
518 2543 586 2576 p.1·.
745 2529 763 2556 d
784 2532 882 2568 οὗτος
901 2531 1150 2577 προφασίζεται
1169 2534 1280 2578 λέγων
1302 2533 1336 2566 S.
1366 2532 1464 2568 οὗτος
1482 2535 1592 2579 λέγων

80 2584 329 2628 προφασίζεται
349 2584 560 2623 F.Q.O.u.v.
591 2585 842 2629 προφασίζεται
861 2585 959 2620 οὗτος
977 2587 1088 2631 λέγων
1103 2587 1312 2631 A.k.p.r.s.t.
1342 2586 1592 2631 προφασίζεται

80 2636 189 2682 λέγων
208 2637 249 2670 Y.
378 2643 394 2661 θ
413 2639 738 2684 προσκαλέσασθαι]
763 2639 1044 2683 προκαλέσασθαι
1064 2639 1339 2673 A.F.O.k.r.s.u.
1465 2636 1481 2663 f
1498 2641 1591 2673 τελέ-

81 2690 208 2724 σασθαι
227 2690 386 2724 A.S.k.s.
418 2690 693 2725 συντελέσασθαι
712 2692 830 2737 vulgo.
996 2698 1016 2725 g
1045 2692 1116 2737 ἐπὶ]
1150 2691 1216 2725 ἀπὸ
1248 2692 1590 2737 F.S.Y.Q.O.p.u.v.

81 2738 99 2768 h
121 2742 212 2788 κενῇ]
236 2745 341 2786 καινῆι
360 2744 513 2778 A.S.k.s.
606 2741 617 2769 i
637 2743 829 2790 ὑφήγησιν]
855 2744 1045 2790 ευφήγησιν
1065 2757 1116 2790 pr.
1136 2745 1172 2780 S.
1268 2742 1287 2769 k
1308 2745 1586 2791 προσπεσόντες]

77 2796 307 2840 προπεσόντες
326 2809 353 2830 s.
482 2794 493 2821 Ῑ
511 2797 572 2840 μὲν
592 2810 660 2831 om.
684 2798 718 2831 S.
864 2805 893 2823 ¹1¹
916 2800 1158 2840 κατηκόντισαν
1175 2797 1324 2833 ἅπαντας
1343 2798 1423 2832 A.S.
1448 2798 1498 2841 (in
1519 2811 1589 2844 quo

76 2847 223 2884 ἅπαντας
253 2850 295 2884 ab
326 2850 393 2884 alia
419 2853 541 2895 manu)
569 2851 638 2885 k.s.
681 2841 824 2884 ἇπαντές
856 2850 1099 2893 κατηκόντισαν
1128 2864 1162 2885 u.
1212 2851 1412 2898 Legebatur
1441 2851 1590 2887 ἅπαντας

76 2903 327 2945 κατηκόντισαν.
474 2909 494 2928 ¹1
524 2904 576 2937 καὶ
596 2903 837 2950 συνήρπασαν]
862 2904 1088 2950 συνήρπασαν
1112 2905 1164 2938 καὶ
1183 2916 1212 2939 r.
1348 2910 1366 2929 ⁰
1395 2905 1582 2951 ἐταράχθη]

76 2953 227 3000 ἐπράχθη
246 2968 281 3002 p.
298 2961 333 2990 et
352 2962 528 2991 correctus
547 2969 575 2992 r.
607 2957 732 3002 ἐτάχθη
752 2957 862 2991 A.k.s.
974 2963 993 2991 P
1013 2959 1044 2991 οἱ
1064 2956 1093 2992 δ’
1113 2957 1272 2993 ἐλθόντες
1291 2969 1360 2992 om.
1384 2958 1418 2993 S.

772 3031 887 3073 ppz
