1882 3250
274 152 331 191 20
657 152 1085 191 ΔΗΜΟΣΘΕΝΟΎΣ
1115 152 1320 190 ΟΛΤΝΘ.
1355 154 1400 189 Α.
1501 149 1640 188 Ou.1.
1661 164 1701 205 p.
1723 161 1786 202 17,
1803 167 1854 191 s-

212 270 262 312 29
350 262 520 313 Πάντα
563 262 620 325 δὴ
665 268 813 312 ταῦτα
855 265 927 312 δεῖ
971 260 1270 314 εσυνιδόντας
1318 259 1549 315 Ῡᾶπαντας
1598 265 1789 325 βοηθεῖν

275 348 351 396 καὶ
385 347 588 396 ἀπωθεῖν
624 346 772 395 ἐκεῖσε
812 343 895 395 τὸν
931 342 1156 407 πόλεμον,
1191 343 1299 397 τοὺς
1332 342 1416 406 μὲν
1455 342 1691 409 εὐπόρους,
1732 344 1787 394 ἵν’

277 426 390 493 ὑπὲρ
439 432 534 478 τῶν
572 431 772 478 πολλῶν
815 425 909 476 ἓῑῶν
960 430 1116 478 καλῶς
1156 431 1395 479 ποιοῦντες
1442 426 1605 492 ε”χουσι
1645 425 1788 492 μικρὰ
1804 452 1844 475 ιο

275 501 611 563 ἀναλίσκοντες
662 509 721 560 τὰ
759 508 906 560 λοιπὰ
957 508 1255 574 Ι’καρπῶνται
1297 510 1454 570 ἀδεῶς,
1493 506 1600 561 τοὺς
1652 510 1689 559 δ’
1742 510 1791 559 ἐν

1471 596 1490 605 n

275 593 446 661 ἡλικίᾳ,
473 593 548 643 ἵνα
585 592 670 656 τὴν
705 598 788 643 τοῦ
821 596 1045 655 πολεμεῖν
1076 593 1316 657 ἐμπειρίαν
1350 593 1398 642 ἐν
1435 615 1493 658 τῃ
1527 591 1790 643 ἰΦιλίππου

273 676 407 745 χώρᾳ
445 676 729 740 κτησάμενοι
768 678 965 744 φοβεροὶ
1001 674 1210 743 φύλακες
1249 678 1332 738 τῆς
1372 675 1537 728 οἰκείας
1576 675 1791 740 ἀκεραίου

272 760 511 824 γένωνται,
551 758 658 812 τοὺς
701 758 749 808 δὲ
791 759 1038 823 λέγοντας,
1077 758 1131 807 ἵν’
1167 761 1214 807 αἱ
1253 762 1348 808 τῶν
1385 757 1791 820 πεπολιτευμένων

273 844 428 896 αὐτοῖς
467 842 680 893 1(εὔθυναι
714 841 871 910 ῥᾴδιαι
902 842 1145 907 γένωνται,
1189 844 1251 895 ὡς
1286 843 1410 892 ὁποῖ’
1445 842 1543 892 ἄττ’
1578 840 1635 891 ἂν
1672 843 1790 904 ὑμᾶς
1805 864 1844 898 ¹5

1242 922 1293 949 xl
1360 926 1374 943 x
1444 929 1464 937 Α

271 930 474 993 περιστῇ
500 925 560 975 τὰ
584 925 856 991 πράγματα,
883 930 1081 975 τοιοῦτοι
1107 946 1258 989 κριται
1300 947 1376 974 και
1401 946 1496 974 των
1521 924 1793 990 πεπραγμέ-

273 1030 366 1057 νων
392 1007 585 1060 ωαύτοῖς
611 1007 796 1058 ἔσεσθε.
838 1006 1030 1074 χρηστὰ
1056 1007 1094 1056 δ’
1124 1006 1191 1069 ε’ίη
1216 1006 1395 1060 παντὸς
1422 1007 1597 1057 “ἕνεκα.

272 1164 389 1193 tamen
411 1159 518 1192 etiam
547 1159 605 1192 alii
633 1159 843 1203 conjecturae
869 1158 968 1192 locus
993 1159 1046 1191 καὶ
1066 1156 1207 1202 προσέθ’
1229 1157 1247 1200 ἡ
1273 1156 1370 1201 ὕβρις
1389 1158 1442 1191 καὶ
1462 1158 1480 1201 ἡ
1501 1160 1568 1191 τῶν
1587 1158 1796 1204 πραγμάτων

271 1211 430 1256 αἷσχύνη.
462 1212 519 1245 Sic
538 1211 680 1256 προσέθ’
700 1212 736 1245 in
756 1211 925 1256 πρόσεσθ’
948 1216 1152 1256 corruptum
1172 1210 1208 1243 in
1229 1210 1359 1244 F.S.Y.
1381 1223 1416 1256 p.
1444 1221 1529 1258 199,
1554 1220 1614 1256 27.
1704 1208 1721 1232 ‘¹
1736 1213 1791 1255 ζη-

900 1273 935 1292 ας

268 1305 362 1353 μίας]
387 1305 489 1350 ζημία
507 1319 575 1341 rec.
600 1306 807 1342 S.F.O.u.V.
838 1307 935 1350 ζημία
957 1306 998 1340 Β.
1021 1307 1073 1349 (ας
1094 1318 1114 1339 a
1133 1317 1180 1339 m.
1203 1309 1290 1349 rec.)
1393 1311 1408 1330 θ
1429 1306 1648 1352 συνιδόντας]
1673 1320 1787 1340 συνει-

271 1361 372 1395 δότας
391 1360 483 1394 Α.Υ.
618 1356 632 1384 f
649 1359 799 1394 ἅπαντας
818 1371 887 1393 om.
910 1359 955 1394 O.
1109 1364 1130 1392 g
1149 1355 1213 1405 ὧν]
1238 1356 1259 1392 ἂ
1278 1358 1366 1393 A.Y.
1389 1359 1483 1404 quod
1499 1370 1670 1404 superscr.
1690 1360 1727 1393 in
1748 1359 1791 1394 Β.

272 1410 288 1434 b
308 1417 498 1458 καρπῶνται
517 1413 638 1459 ἀδεῶς]
663 1413 768 1447 ἀδεῶς
788 1415 978 1457 καρπῶνται
997 1412 1086 1446 A.Y.
1233 1411 1239 1433 i
1261 1411 1451 1457 Φιλίππου]
1477 1414 1537 1445 τοῦ
1557 1412 1731 1456 φιλίππου
1751 1412 1792 1453 F,

271 1477 344 1500 non
363 1465 412 1500 B.
534 1463 555 1490 k
575 1464 727 1510 εὔθυναι]
750 1465 847 1499 Libri
867 1464 1013 1506 εὐθύνω,
1034 1470 1181 1499 accentu
1200 1464 1338 1504 vitioso,
1360 1465 1402 1499 de
1423 1476 1493 1510 quo
1512 1477 1546 1498 v.
1568 1465 1611 1499 L.
1626 1465 1791 1500 Dindorf.

272 1519 317 1553 ad
339 1519 461 1564 Steph.
484 1519 587 1553 Thes.
609 1519 677 1553 vol.
701 1529 736 1564 3,
756 1531 793 1564 p.
815 1517 932 1554 2281.
1056 1515 1065 1544 Ῑ
1087 1518 1141 1551 καὶ
1160 1529 1230 1551 0111.
1252 1518 1341 1551 A.Y.
1472 1523 1501 1542 ¹1¹
1521 1517 1653 1564 αὐτοῖς]
1678 1518 1792 1554 αὐτοῖς

272 1584 342 1606 ree.
367 1573 403 1606 S.
547 1578 567 1596 n
587 1571 697 1616 ἕνεκα]
722 1571 922 1617 Legebatur
941 1569 1060 1611 εἵνεκα,
1082 1583 1160 1616 quae
1180 1571 1293 1604 aliena
1312 1571 1355 1604 ab
1375 1570 1524 1605 dialecto
1543 1571 1660 1605 Attica
1678 1571 1794 1605 forma

274 1631 338 1666 est,
360 1625 460 1669 cujus
480 1637 584 1670 quam
605 1625 732 1671 exigua
761 1625 854 1670 apud
874 1624 1153 1658 Demosthenem
1181 1624 1226 1657 sit
1245 1623 1436 1658 auctoritas
1455 1624 1532 1670 ipsa
1550 1625 1793 1670 exemplorum

273 1679 431 1724 paucitas
450 1678 689 1724 librorumque
710 1679 888 1712 dissensus
908 1677 1083 1711 ostendit:
1115 1677 1182 1710 vid.
1203 1689 1275 1711 var.
1292 1677 1372 1711 lect.
1393 1677 1437 1710 ad
1455 1689 1490 1722 p.
1512 1684 1556 1723 27
1562 1687 1597 1722 5,
1618 1688 1636 1711 2
1642 1685 1679 1724 5.
1701 1688 1793 1723 409,

277 1742 340 1777 23.
363 1739 452 1777 457,
479 1742 510 1765 1.
538 1729 765 1778 2.14.469‚
795 1741 849 1776 ¹3-
871 1729 961 1776 483,
986 1741 1047 1776 29.
1071 1729 1352 1775 487‚10.492,
1377 1740 1436 1764 22.
1459 1730 1549 1776 496,
1568 1739 1603 1776 5.
1625 1741 1714 1776 501,
1736 1741 1792 1776 ¹9·

275 1795 365 1831 532,
391 1795 453 1820 21.
486 1782 575 1829 566,
605 1795 660 1829 ¹5-
683 1790 718 1818 et
746 1795 800 1830 19.
831 1783 921 1829 586,
946 1794 1011 1828 30.
1036 1794 1124 1830 594,
1151 1793 1210 1817 20.
1233 1781 1377 1828 616,3.
1410 1780 1499 1828 665,
1525 1793 1584 1817 12.
1615 1781 1704 1823 681,
1729 1793 1790 1817 21.

276 1835 365 1883 685,
388 1835 423 1870 6.
449 1836 535 1883 718,
558 1848 621 1882 30.
648 1836 735 1883 756,
765 1848 820 1871 11.
847 1835 934 1881 766,
956 1847 991 1882 3.
1024 1836 1110 1882 767,
1137 1847 1196 1870 11.
1220 1834 1308 1883 885,
1334 1846 1394 1882 25.
1423 1834 1594 1882 962,15.
1622 1846 1734 1876 1112,
1756 1846 1792 1881 3.

278 1900 393 1930 1200,
415 1901 450 1934 4.
509 1890 592 1923 Non
622 1890 775 1923 melioris
803 1896 897 1923 notae
918 1896 970 1923 est
991 1888 1112 1923 εἵνεκεν
1132 1901 1166 1934 1).
1195 1899 1307 1933 1104.
1335 1898 1451 1933 1133.
1476 1898 1589 1935 1319.
1614 1887 1736 1922 Ἕνεκα
1759 1893 1795 1922 et

274 1941 383 1976 εἵνεκα
403 1955 422 1976 a
439 1943 598 1983 Platone,
620 1943 862 1976 Demosthene
891 1942 1037 1987 aliisque
1058 1942 1125 1975 dici
1154 1947 1255 1976 notat
1281 1942 1408 1975 Thom.
1432 1941 1484 1974 M.
1506 1953 1540 1986 p.
1563 1948 1652 1987 307.
1673 1953 1795 1976 recen-

273 1995 404 2029 tiorum
424 1995 585 2029 codicum
605 1995 698 2029 vitiis
719 1996 899 2040 deceptus.
959 1996 1045 2028 Post
1074 1993 1182 2028 εἵνεκα
1210 1995 1246 2027 in
1277 1994 1362 2028 RS.
1391 1993 1605 2039 adscriptum
1635 1993 1794 2028 ὀλυνθια-

274 2060 331 2093 κός
349 2058 391 2093 α’.
414 2059 615 2105 ΗΗΙΔῙΙΔΠ.
639 2059 734 2104 quod
754 2059 929 2104 significat
957 2059 1063 2102 hujus
1090 2058 1259 2092 orationis
1279 2060 1422 2102 στίχους
1440 2057 1548 2091 fuisse
1568 2057 1651 2091 olim
1670 2069 1795 2092 nume-

274 2118 369 2145 ratos
392 2110 442 2145 26
446 2124 481 2158 5.
532 2113 574 2146 In
595 2112 640 2146 B.
663 2124 782 2146 versus
802 2112 907 2156 hujus
927 2111 1096 2145 orationis
1115 2117 1198 2144 sunt
1220 2110 1308 2145 261.
1331 2111 1458 2156 quibus
1478 2110 1506 2144 si
1526 2111 1674 2144 addatur
1692 2116 1795 2156 quat-

273 2170 356 2198 tuor
374 2176 539 2198 versuum
560 2165 724 2210 spatium,
745 2165 841 2210 quod
859 2164 1078 2210 inscriptioni
1100 2164 1340 2206 Δημοσθένους
1358 2163 1463 2209 λόγος
1483 2162 1681 2198 ὀλυνθιακὸς
1700 2166 1793 2208 πρῶ-

274 2231 333 2251 τος
352 2218 474 2262 figuris
494 2218 704 2263 quibusdam
725 2223 902 2251 exornatae
923 2218 1044 2251 datum
1065 2223 1128 2257 est,
1149 2217 1223 2261 ipse
1242 2217 1300 2250 ille
1319 2228 1488 2250 numerus
1505 2214 1594 2262 265.
1615 2216 1792 2261 prodibit:

274 2281 380 2314 quem
399 2276 517 2304 tamen
538 2282 748 2304 consensum
769 2271 863 2303 casui
890 2271 1009 2304 deberi
1034 2269 1173 2303 numeri
1192 2269 1268 2302 aliis
1287 2269 1503 2303 orationibus
1531 2269 1718 2314 subscripti
1736 2281 1793 2303 ar-

274 2329 389 2367 guunt
418 2334 497 2356 cum
530 2323 689 2357 neutrius
721 2323 849 2356 codicis
877 2335 1042 2356 versuum
1071 2333 1219 2356 numero
1243 2322 1503 2356 convenientes.
1561 2321 1794 2356 Manifestum

273 2375 381 2420 igitur
397 2381 449 2409 est
468 2387 634 2409 numeros
654 2376 731 2409 illos
752 2382 791 2409 ut
810 2376 847 2409 in
867 2376 942 2409 aliis
962 2375 1200 2420 scriptoribus,
1222 2375 1270 2408 sic
1291 2375 1384 2420 apud
1404 2375 1682 2408 Demosthenem
1703 2386 1792 2420 quo-

275 2439 342 2472 que
372 2440 414 2461 ex
441 2429 697 2474 antiquioribus
718 2429 894 2462 codicibus
915 2440 990 2462 esse
1019 2434 1247 2473 propagatos,
1267 2428 1390 2472 iisque,
1411 2433 1451 2460 ut
1469 2427 1618 2467 videtur,
1638 2428 1791 2462 Alexan-

275 2480 394 2513 drinis.
437 2481 528 2515 Nam
550 2481 797 2526 grammaticos
817 2481 1072 2514 Alexandrinos
1087 2481 1219 2526 primos
1239 2480 1344 2524 hujus
1364 2480 1612 2513 stichometriae
1633 2486 1795 2514 auctores

276 2544 351 2566 esse
378 2534 558 2567 habendos
579 2546 621 2567 ex
642 2546 684 2568 eo
704 2534 821 2579 colligi
852 2540 968 2580 potest
989 2534 1085 2578 quod
1111 2533 1353 2577 antiquissima
1369 2544 1447 2578 quae
1474 2532 1705 2566 innotuerunt
1734 2545 1795 2567 ex-

276 2586 391 2631 empla
412 2586 618 2620 Callimachi
636 2587 835 2620 tabularum
855 2593 995 2620 {etatem
1016 2598 1087 2619 non
1108 2591 1284 2630 superant.
1334 2586 1389 2619 De
1410 2597 1480 2630 quo
1499 2591 1580 2630 post
1600 2585 1687 2619 alios
1707 2585 1795 2619 dixit

276 2638 335 2671 Fr.
359 2639 571 2673 Ritschelius
592 2641 627 2672 in
642 2640 761 2673 libello
782 2641 824 2673 de
852 2639 1074 2673 bibliothecis
1093 2638 1338 2672 Alexandrinis
1348 2651 1398 2689 lp.
1419 2649 1461 2685 91
1491 2649 1587 2683 seqq.
1609 2638 1795 2684 diligenter

275 2692 430 2725 collectis
447 2704 556 2737 quum
571 2693 680 2737 ipsius
694 2692 900 2726 Callimachi
912 2699 989 2725 tum
1004 2692 1166 2737 Dionysii
1179 2691 1511 2731 Halicarnassensis,
1529 2691 1665 2731 Galeni,
1684 2691 1796 2725 Athe-

275 2744 355 2784 naei,
377 2745 548 2790 Diogenis
569 2745 698 2779 Laertii
719 2746 936 2790 aliorumque
964 2745 1062 2779 locis.
1120 2744 1397 2778 Demosthenem
1416 2746 1516 2778 πέντε
1536 2743 1554 2786 ἢ
1575 2742 1613 2787 ἓξ
1631 2744 1795 2789 μυριάδας

277 2795 406 2840 στίχων
426 2798 607 2843 reliquisse
633 2804 784 2832 testatur
807 2798 998 2843 Dionysius
1026 2798 1062 2831 in
1088 2797 1177 2831 libro
1198 2797 1240 2831 de
1269 2797 1473 2831 admiranda
1491 2796 1524 2830 vi
1544 2796 1797 2831 Demosthenis

277 2860 305 2882 c.
330 2856 391 2895 57.
413 2850 481 2885 vol.
506 2849 541 2884 6.
562 2863 599 2896 p.
624 2851 734 2885 1126.
