1882 3250
221 190 304 230 118
762 194 1189 233 ΔΗΜΟΣΘΕΝΟΎΣ
1389 193 1473 232 On.
1497 192 1582 233 IX.
1605 206 1646 246 p.
1671 204 1762 239 110,
1780 207 1857 230 ⁵——

220 310 333 356 λους
372 301 637 368 ἰ’Έλληνας
677 307 831 367 ἀδικεῖ,
867 307 942 355 καὶ
978 304 1167 356 πάντων
1211 303 1320 356 k0233'
1361 305 1431 356 ὅτι
1470 304 1759 373 φησάντων5

221 390 261 452 γ’
304 385 374 449 ἀν,
420 392 456 438 εἰ
496 391 572 438 καὶ
621 388 686 452 μὴ
735 394 927 439 ποιοῦσι
962 394 1114 450 τοῦτο,
1156 390 1231 439 καὶ
1282 389 1437 454 λε’γειν
1485 387 1605 439 1δεῖν
1655 389 1731 438 καὶ

220 469 481 535 ΙΉπράττειν
520 470 644 524 ὅπως
683 473 851 524 ἐκεῖνος
887 470 1119 521 παύσεται
1157 474 1240 534 τῆς
1277 472 1454 537 ὕβρεως
1491 472 1566 521 καὶ
1601 469 1733 533 δίκην

184 551 375 614 Ζδώσει,
428 556 490 606 εἷς
540 554 700 603 ”rofie'
755 553 999 617 ὑπηγμένα
1048 551 1204 603 πάντα
1250 552 1309 603 τὰ
1352 552 1612 620 πράγματα
1655 554 1730 602 καὶ

218 636 505 702 οπροειμένα
557 637 665 702 ὁρῶ,
707 634 832 687 ὥστε
871 637 1053 686 δέδοικα
1096 636 1161 700 μὴ
1201 636 1500 704 βλάσφημον
1541 635 1627 699 μὲν
1670 639 1730 685 εἱ-
1746 659 1783 681 ¹0

216 724 321 770 πεῖν
359 718 530 784 ἀληθὲς
565 723 637 770 Ρδ’
676 718 754 787 Ἷῇ·
795 724 831 770 εὶ
871 723 945 770 καὶ
977 720 1132 785 λέγειν
1166 718 1366 774 ἅπαντες
1400 719 1656 781 ἐβούλοντο
1689 723 1732 770 οἱ

217 802 462 870 παριόντες
513 806 588 854 καὶ
638 808 915 870 χειροτονεῖν
966 805 1090 867 ὑμεῖς
1141 804 1197 872 ἐξ
1243 803 1307 855 ὧν
1359 807 1419 858 ὡς
1471 802 1729 872 φαυλότατ’

218 888 418 950 Γἐζιιελλε
468 887 528 938 τὰ
568 887 810 954 πράγμαθ’
851 887 984 955 ἕξειν,
1031 889 1113 938 οὐκ
1156 885 1212 937 ἂν
1256 888 1457 952 ἡγοῦμαι
1502 886 1734 938 δύνασθαι

178 977 373 1039 3χεῖρον
423 970 451 1036 ἢ
496 977 600 1022 Ξνῦν
645 974 922 1035 διατεθῆναι.
970 969 1135 1022 πολλὰ
1177 970 1262 1034 μὲν
1307 972 1387 1022 οὖν
1436 971 1552 1025 ἴσως
1601 973 1733 1022 ἐστὶν

217 1057 340 1107 α’ίτια
373 1058 478 1107 ἴτοῦ
516 1058 644 1107 ταῦθ’
684 1057 829 1109 οὕτως·
867 1055 1001 1123 ἔχειν,
1041 1057 1117 1105 καὶ
1154 1056 1245 1106 ¹²01)
1280 1057 1389 1122 παρ’
1423 1054 1472 1107 ἓν
1505 1055 1607 1107 οὑδὲ
1648 1056 1729 1107 δύο
1745 1077 1780 1109 ¹5

216 1144 279 1194 εἷς
340 1146 479 1191 τοῦτο
541 1139 601 1190 τὰ
648 1139 888 1240 πράγματ’
940 1141 1147 1207 ἀφῖκται,
1200 1139 1416 1203 μάλιστα
1478 1142 1532 1202 δ’,
1585 1139 1731 1207 ἄνπερ

216 1224 457 1294 ἐξετάζητε
495 1226 657 1291 ὀρθῶς,
686 1223 906 1291 εὑρήσετε
931 1222 1007 1275 διὰ
1033 1246 1138 1277 τους
1175 1224 1448 1291 χαριζεσθαι
1472 1229 1663 1288 μᾶλλον
1701 1223 1730 1290 ἢ

216 1308 275 1360 τὰ
300 1308 534 1370 βελτιστα
559 1309 714 1375 λε’γειν
739 1330 1143 1374 προαιρουμενους,
1171 1306 1236 1358 ὧν
1261 1308 1379 1361 τινὲς
1417 1308 1544 1372 Χμεν,
1571 1306 1608 1359 ὠ
1640 1310 1723 1360 ἄν·

216 1397 318 1460 δρες
361 1397 615 1458 Ἀθηναῖοι,
657 1395 704 1444 ἐν
751 1392 817 1446 οῖς
851 1394 1176 1456 εὐδοκιμοῦσιν
1213 1393 1343 1442 αὐτοι
1385 1416 1461 1444 και
1496 1392 1728 1456 δυνανται,
1742 1414 1782 1435 20

215 1483 362 1528 ταῦτα
383 1476 706 1546 φυλάττοντες
732 1477 948 1540 οὐδεμίαν
967 1478 1073 1543 περὶ
1099 1481 1192 1527 τῶν
1212 1475 1488 1540 μελλόντων
1507 1476 1731 1543 πρόνοιαν

175 1562 418 1629 4ἐ’χουσιν,
445 1562 638 1612 θὀὐκοῦν
664 1562 756 1612 οὐδ’
776 1562 891 1624 ὑμᾶς
913 1560 1085 1612 οἴονται
1112 1564 1204 1611 δεῖν
1231 1561 1365 1628 ἔχειν,
1387 1561 1532 1628 ἕτεροι
1552 1561 1600 1612 δὲ
1625 1560 1733 1616 τοὺς

214 1648 287 1698 ἐπὶ
326 1651 421 1700 τοῖς
467 1645 749 1712 πράγμασιν
794 1646 930 1699 ὄντας
975 1644 1234 1707 αἰτιώμενοι
1275 1648 1350 1696 καὶ
1390 1644 1732 1707 διαβάλλοντες

214 1730 345 1782 οὐδὲν
372 1731 498 1781 ἄλλο
522 1736 739 1781 ποιοῦσιν
764 1729 792 1795 ὴ
828 1729 953 1783 ὅπως
992 1730 1019 1794 ἡ
1057 1729 1167 1793 Ζμὲν
1193 1728 1332 1783 πόλις
1358 1729 1473 1794 αὐτὴ
1499 1734 1612 1796 παρ’
1639 1731 1724 1780 αὑ-

213 1818 295 1879 τῆς
349 1816 480 1878 δίκην
525 1814 731 1883 λήψεται
776 1817 853 1865 καὶ
894 1815 998 1879 περὶ
1048 1815 1170 1864 τοῦτ’
1214 1814 1361 1876 ἔσται,
1406 1815 1634 1883 Φιλίππῳ
1685 1816 1820 1864 δ’111

212 1899 400 1968 ἐξέσται
444 1902 520 1950 καὶ
565 1898 720 1964 λέγειν
764 1900 839 1949 καὶ
878 1897 1101 1964 πράττειν
1143 1898 1167 1949 ὅ
1211 1922 1255 1949 τι
1298 1898 1534 1960 βούλεται.
1593 1902 1640 1949 αἱ
1680 1897 1729 1949 δὲ

211 1990 418 2034 τοιαῦται
443 1988 675 2034 πολιτεῖαι
701 1983 916 2046 συνήθεις
942 1982 1027 2045 μέν
1053 1986 1173 2032 εἰσιν
1193 1984 1359 2046 ὑμῖν,·
1369 1983 1508 2034 αἴτιαι
1535 1982 1629 2034 δεὺ
1645 1986 1729 2046 τῆς

171 2071 418 2135 5ταραχῆς
444 2069 519 2118 καὶ
545 2071 639 2118 τῶν
667 2064 1029 2133 ἁμαρτημάτων.
1070 2066 1187 2135 ἀξιῶ
1214 2069 1299 2131 (ἴδ’,
1330 2065 1366 2117 ὦ
1393 2067 1556 2133 ἄνδρες
1581 2067 1756 2131 Ἀθη-5

211 2157 342 2214 ναῖοι,
369 2149 453 2202 (Ῑᾶν
479 2174 523 2201 τι
547 2155 642 2201 τῶν
667 2152 860 2214 ἀληθῶν
885 2150 1003 2214 μετὰ
1027 2174 1296 2217 παρρησιας
1335 2151 1472 2216 λεγω,
1499 2152 1727 2215 μηδεμιαν

209 2259 289 2299 μοι
327 2234 402 2286 διὰ
439 2257 577 2285 τουτο
616 2239 728 2299 παρ’
761 2235 890 2297 ὑμῶν
925 2234 1071 2300 ὀργὴν
1104 2236 1339 2301 γενεσ.θαι
1379 2239 1597 2286 σκοπεῖτε
1636 2234 1728 2301 γὰρ

212 2319 308 2370 ὡδί.
354 2320 478 2382 ὑμεῖς
504 2317 590 2383 τὴν
614 2319 886 2384 παρρησίαν
912 2319 986 2368 ἐπὶ
1011 2318 1096 2382 μὲν
1116 2324 1210 2370 τῶν
1237 2319 1402 2370 ἄλλων
1424 2320 1544 2370 οὕτω
1572 2318 1729 2383 κοινὴν

264 2509 460 2557 ἱ’Έλληνας
481 2526 550 2548 om.
571 2526 623 2559 pr.
647 2513 682 2547 S.
795 2509 813 2537 k
836 2508 915 2559 οἶδ’]
940 2511 976 2547 εὖ
995 2509 1057 2547 οἶδ’
1080 2512 1290 2548 F.Y.O.u.v.
1403 2509 1409 2531 ¹
1431 2509 1516 2556 δεῖν]
1542 2510 1592 2544 δεῖ
1612 2523 1662 2556 pr.
1684 2511 1728 2545 Y.

211 2572 242 2591 m
262 2567 438 2613 πράττειν]
462 2568 622 2613 πράττειν
642 2566 751 2601 ἅπασι
769 2565 934 2612 προσήκει
950 2567 992 2600 Y.
1022 2568 1182 2612 πράττειν
1201 2563 1220 2599 ἂ
1241 2567 1327 2599 πᾶσι
1347 2563 1532 2610 προσήκειν
1553 2564 1591 2597 F.
1621 2565 1727 2610 πράτ-

209 2634 279 2654 τειν
299 2619 406 2654 ἅπασι
426 2620 611 2667 προσήκειν
631 2621 751 2656 O.u.v.
873 2626 892 2644 Π
913 2619 1022 2666 τοῦθ’]
1047 2623 1149 2654 τοῦτο
1170 2620 1254 2654 B.S.
1365 2624 1383 2643 0
1402 2616 1600 2664 προειμένα]
1623 2620 1725 2663 προέ-

209 2688 292 2717 μενα
314 2674 348 2708 S.
380 2674 422 2708 In
441 2675 484 2709 A.
505 2680 586 2720 post
605 2689 702 2718 προει
723 2674 801 2707 duae
821 2673 932 2708 literae
953 2686 1072 2709 erasae.
1199 2679 1218 2706 P
1239 2671 1285 2718 δ’]
1311 2673 1346 2708 δέ
1369 2672 1450 2707 B-S.
1576 2677 1595 2703 q
1615 2668 1637 2714 ᾗ
1654 2685 1725 2708 om.

209 2739 261 2772 pr.
285 2727 364 2761 RS.
476 2734 492 2753 1·
510 2729 633 2772 ἔμελλε
654 2728 711 2773 τὰ]
735 2728 896 2770 ἐμέλλετε
919 2728 953 2762 S.
1065 2732 1080 2752 S
1101 2729 1159 2761 νῦν
1179 2726 1342 2762 F.O.u.v.
1366 2732 1400 2760 et
1420 2738 1473 2771 pr.
1498 2725 1532 2759 S.
1568 2723 1725 2771 Legeba-

209 2786 268 2814 tur
288 2782 346 2814 νῦν
364 2781 460 2815 αὐτά.
544 2780 558 2806 t
577 2783 637 2815 τοῦ
657 2780 750 2815 ταῦθ’
771 2778 877 2816 οὕτως
895 2780 1002 2826 ἔχειν]
1026 2779 1155 2815 τούτων
1177 2781 1212 2815 S.
1311 2786 1330 2805 U
1351 2780 1390 2814 οὐ
1410 2792 1479 2814 om.
1500 2792 1531 2813 v.
1626 2784 1646 2803 Χ
1665 2781 1726 2824 μὲν

210 2845 280 2868 om.
302 2846 355 2879 pr.
379 2834 424 2869 Ο.
497 2841 514 2865 -V
534 2835 801 2879 οὐκοῦν-ἔχειν
820 2845 888 2868 Om.
910 2847 962 2880 pr.
987 2835 1020 2869 S.
1089 2840 1107 2858 Ζ
1125 2835 1186 2878 μὲν
1206 2838 1241 2868 et
1260 2833 1343 2878 αὐτὴ
1363 2846 1433 2868 om.
1457 2833 1493 2868 S.
1566 2837 1585 2857 a
1603 2830 1723 2879 αἴτιαι]

209 2886 310 2922 αι’τιίιι
333 2888 367 2922 S.
523 2885 543 2913 b
572 2889 631 2932 τῆς
650 2890 798 2934 ταραχῆς
829 2889 881 2922 καὶ
901 2892 967 2922 τῶν
985 2886 1246 2933 ἁμαρτημάτων]
1279 2892 1346 2921 τῶν
1365 2890 1472 2921 κακῶν
1492 2887 1528 2921 S.
1551 2892 1586 2921 et
1605 2901 1660 2933 γρ.
1684 2888 1723 2923 F.

209 2940 403 2986 Vulgatum
423 2942 459 2975 in
479 2957 532 2987 γρ.
554 2942 660 2976 habet
679 2954 747 2976 ree.
772 2942 806 2977 S.
941 2947 957 2966 0
977 2941 1024 2987 δ’]
1048 2941 1076 2976 δ’
1100 2942 1183 2985 ὑμᾶς
1204 2941 1366 2976 F.O.u.v.
1505 2936 1524 2964 d
1543 2940 1583 2975 ἄν
1605 2940 1639 2976 S.
1670 2941 1726 2975 ἐάν

209 2994 327 3039 vulgo.

1864 0 1882 149 1
