1882 3250
31 161 94 199 10,
117 162 147 193 7.
623 150 981 189 ΟΛΎΝΘΙΑΚΟΣ
1013 152 1059 189 Α.
1547 149 1597 189 11

90 259 226 311 πόλει
246 260 351 323 περὶ
377 257 462 309 εῶν
482 261 578 310 νυνὶ
604 265 836 311 σκοπεῖτε.
880 261 978 311 ῐὅτε
1002 262 1157 311 τοίνυν
1181 262 1304 312 τοῦθ’
1323 262 1468 314 οὕτως
1495 261 1598 328 ἔχει,

88 341 316 409 προσήκει
340 342 592 408 προθύμως
613 343 787 394 ἐθέλειν
813 343 993 394 ἀκούειν
1018 348 1113 393 τῶν
1137 344 1441 407 βουλομένων
1465 366 1595 407 συμ·
1612 367 1628 397 5

88 423 344 486 βουλεύειν·
387 426 440 474 οὐ
465 423 559 490 γὰρ
595 425 739 488 μόνον
774 425 816 476 εἴ
844 449 888 476 τι
923 425 1160 492 χρήσιμον
1185 426 1466 490 ἐσκεμμένος
1503 427 1599 490 ἥκει

89 530 170 569 τις,
205 509 327 558 τοῦτ’
365 506 423 558 ἂν
461 508 746 561 ἀκούσαντες
782 509 990 572 λάβοιτε,
1026 509 1157 560 ἀλλὰ
1194 512 1270 560 καὶ
1313 513 1395 573 τῆς
1433 510 1595 573 ὑμετέ-

89 614 174 657 ρας
207 590 350 657 τύχης
387 591 709 652 ὑπολαμβάνω
743 592 908 643 πολλὰ
942 598 1036 643 τῶν
1068 592 1265 643 δεόντων
1296 594 1346 643 ἐκ
1382 598 1465 643 τοῦ
1501 616 1593 644 ποι-

88 677 308 741 ραχρῆμα
342 675 475 726 ἐνίοις
509 672 565 723 ἂν
597 676 810 725 ἐπελθεῖν
845 679 999 738 εἰπεῖν,
1030 674 1144 726 ὥστ’
1172 676 1229 743 ἐξ
1263 674 1483 727 ἁπάντων
1515 678 1600 744 ῥᾳ-

89 758 191 807 δίαν
215 756 301 820 τὴν
326 763 408 808 τοῦ
433 756 758 824 συμφέροντος
785 760 891 820 ὑμῖν
916 759 1096 824 αἵρεσιν
1122 759 1356 824 γενέσθαι.
1616 785 1654 805 10

52 855 75 885 2
160 841 222 890 ‘O
249 839 334 903 μὲν
370 841 450 890 οὖν
482 839 645 905 παρὼν
683 841 854 906 καιρὸς,
893 839 929 891 ὦ
965 842 1126 908 ἄνδρες
1166 843 1421 906 Ἀθηναῖοι,
1455 840 1599 904 μόνον

88 925 191 990 οὐχὶ
217 924 343 988 λέγει
370 921 534 990 φωνὴν
560 925 710 990 ἀφιεὶς
742 923 812 974 ὅτι
847 929 941 974 τῶν
966 923 1258 990 πραγμάτων
1286 926 1391 986 ὑμῖν
1417 926 1601 975 ἐκείνων

88 1008 240 1060 αὐτοῖς
285 1006 594 1070 ἀντιληπτέον
638 1008 782 1069 ἐστὶν,
825 1008 950 1073 ε’ίπερ
993 1008 1106 1074 ὑπὲρ
1149 1010 1385 1074 σωτηρίας
1419 1009 1601 1060 “αύτῶν

89 1089 367 1159 φροντίζετε·
410 1090 537 1152 ἡμεῖς
571 1093 612 1139 δ’
659 1091 740 1140 οὐκ
787 1089 867 1141 οἶδ’
908 1091 1066 1143 ὅντινά
1105 1115 1182 1154 μοι
1218 1095 1441 1156 δοκοῦμεν
1479 1092 1600 1160 ἔχειν

87 1173 263 1240 τρόπον
302 1171 420 1238 πρὸς
463 1172 593 1223 αὐτά.
639 1174 741 1223 ἔστι
777 1173 832 1237 δὴ
877 1174 936 1224 τά
968 1176 1011 1239 γ’
1049 1177 1148 1238 ἐμοὶ
1184 1178 1410 1225 δοκοῦντα
1434 1176 1594 1243 ψηφί-
1616 1198 1650 1228 15

86 1261 270 1308 σασθαι
320 1255 404 1318 μὲν
454 1255 543 1319 ἤδη
586 1255 671 1319 τὴν
711 1256 946 1320 βοήθειαν,
996 1260 1070 1308 καὶ
1112 1258 1601 1324 γπαρασκευάσασθαι

86 1338 172 1403 τὴν
204 1340 448 1405 ταχίστην,
481 1338 607 1391 ὅπως
645 1339 821 1389 ἐνθένδε
856 1339 1166 1404 Χβοηθήσετε,
1208 1342 1283 1390 καὶ
1322 1340 1386 1404 μὴ
1420 1340 1599 1405 πάθητε

86 1421 255 1474 ταύτὸν
299 1422 412 1488 ὅπερ
453 1424 527 1472 καὶ
571 1421 812 1487 πρότερον,
856 1424 1114 1489 πρεσβείαν
1153 1424 1201 1474 δὲ
1244 1423 1454 1486 πέμπειν,
1502 1423 1600 1487 ἥτις
1619 1446 1667 1473 10

50 1507 213 1565 3ταῦτ’
253 1507 347 1571 ἐρεῖ
379 1507 454 1556 καὶ
503 1506 737 1570 παρέσται
778 1511 871 1558 τοῖς
921 1505 1217 1572 πράγμασιν·
1261 1509 1322 1560 ὡς
1365 1506 1468 1556 ε”στι
1511 1507 1600 1569 μά-

85 1597 232 1641 λιστα
257 1595 394 1640 τοῦτο
421 1589 534 1651 δέος,
561 1587 626 1652 μὴ
653 1593 919 1653 πανοῦργος
950 1587 1016 1638 ὢν
1042 1592 1117 1640 καὶ
1144 1589 1290 1643 δεινὸς
1325 1587 1601 1656 Υᾶνθρωπος

84 1673 333 1740 πράγμασι
364 1675 587 1739 χρῆσθαι,
620 1670 679 1721 τὰ
715 1671 798 1734 μὲν
833 1672 979 1734 ε’ίκων,
1019 1673 1153 1735 ἡνίκα
1188 1670 1245 1722 ἂν
1283 1671 1420 1739 τύχῃ,
1462 1671 1520 1722 τὰ
1560 1666 1597 1723 δ’

84 1760 289 1809 ἀπειλῶν
337 1755 662 1825 (ῑάξιόπιστος
708 1756 744 1806 δ’
798 1754 856 1806 ἂν
901 1755 1087 1810 εἰκότως
1138 1757 1397 1824 φαίνοιτο),
1450 1755 1509 1807 τὰ
1558 1757 1628 1807 δ’5

85 1841 204 1905 ἡμᾶς
242 1840 520 1901 διαβάλλων
551 1862 625 1889 και
651 1838 736 1902 τὴν
768 1840 1005 1890 ἀπουσίαν
1043 1863 1128 1903 την
1154 1863 1393 1906 ημετεραν,
1422 1840 1599 1908 η’τρεψῃ

49 1941 134 1980 4τε
179 1927 255 1975 καὶ
294 1921 676 1988 παρασπάσηταί
717 1922 789 1972 ἱ’τι
853 1927 946 1973 τῶν
992 1923 1117 1973 ολων
1169 1922 1600 1988 πραγμάτων.οὐ

84 2054 228 2089 operum
258 2041 624 2076 Demosthenicoruin.
674 2041 856 2086 Supplevit
890 2046 1007 2074 autem
1041 2041 1239 2075 deficientia
1268 2041 1444 2086 pleraque,
1475 2041 1548 2075 scil.
1580 2053 1601 2075 a

83 2108 118 2142 p.
136 2106 194 2137 12,
212 2106 226 2129 1
239 2105 271 2129 1.
292 2093 346 2138 (ἂν
362 2094 432 2138 δ’-)
454 2095 534 2128 inde
554 2106 664 2139 usque
685 2095 728 2127 ad
748 2106 781 2138 p.
799 2103 861 2140 47,
882 2092 942 2128 28.
966 2094 1177 2137 (ἐνενήκοντα
1197 2095 1264 2138 καὶ)
1282 2095 1456 2128 recentior
1474 2106 1599 2128 manus

85 2150 204 2183 decem
218 2148 321 2182 foliis.
344 2147 504 2181 REISK.
535 2148 690 2192 Apparet
706 2160 748 2180 ex
764 2147 817 2180 his
837 2159 870 2192 p.
887 2157 947 2187 22,
973 2157 1152 2193 22.—25,
1170 2145 1204 2180 6.
1227 2153 1262 2180 et
1281 2154 1345 2193 35,
1368 2157 1545 2191 12.—41,
1567 2158 1598 2182 1.

84 2202 137 2236 bis
165 2202 201 2235 in
229 2201 348 2235 codice
377 2201 522 2245 scriptas
543 2212 640 2234 esse:
671 2200 797 2245 quibus
826 2200 861 2232 in
890 2200 1047 2245 partibus
1066 2200 1269 2233 recentioris
1289 2200 1525 2245 supplementi
1550 2200 1598 2233 le-

85 2254 218 2289 ctiones
237 2254 325 2300 sigla
344 2254 395 2287 Aa
414 2253 684 2298 designavimus.
782 2258 796 2276 Γ
815 2250 855 2286 ἂν
875 2265 944 2286 om.
968 2253 1002 2287 S.
1114 2259 1127 2278 ς
1149 2249 1210 2298 ὧν]
1236 2251 1275 2285 οὗ
1295 2253 1337 2286 Y.
1368 2252 1406 2286 οὗ
1428 2264 1597 2298 superscr.

86 2307 122 2342 in
141 2307 185 2342 Ο.
206 2313 241 2342 et
260 2319 281 2341 a
300 2319 345 2340 m.
367 2318 434 2341 sec.
455 2306 490 2339 in
513 2307 554 2340 B.
659 2308 668 2327 t
689 2304 762 2352 ὅτε]
788 2321 802 2339 ε
823 2306 858 2339 in
880 2320 890 2338 ι
909 2311 1085 2339 mutatum
1105 2318 1125 2339 a
1144 2318 1190 2339 m.
1212 2318 1281 2340 rec.
1302 2306 1338 2339 in
1360 2305 1394 2340 S.
1500 2312 1521 2331 1¹
1540 2305 1598 2339 αὐ-

763 2355 794 2394 (e

86 2403 169 2449 τῶν]
192 2403 302 2436 αὐτῶν
322 2402 363 2435 Β.
516 2408 533 2425 V
553 2401 881 2447 παρασκευάσασθαι
902 2401 987 2436 B.F.
1136 2407 1155 2425 Χ
1174 2399 1365 2444 βοηθήσετε
1387 2401 1571 2435 Bekkerus
1589 2414 1596 2435 :

85 2455 278 2499 βοηθήσητε
297 2455 387 2488 libri.
533 2454 756 2500 ὶᾶνθρωπος]
789 2454 964 2499 ἅνθρωπος
988 2454 1078 2488 libri.
1127 2454 1289 2488 Correxit
1316 2454 1510 2494 Bekkerus,
1539 2454 1599 2499 qui

87 2508 242 2552 ejusdem
273 2508 507 2552 similiumque
533 2507 681 2541 crasium
703 2507 869 2551 (ἁδελφός
893 2506 975 2552 ἇνὴρ
999 2506 1100 2542 αὑτός
1119 2513 1154 2541 et
1177 2506 1229 2547 ἅν,
1251 2518 1296 2540 ex
1316 2504 1335 2540 ἃ
1354 2507 1393 2540 ‹¹1'v
1413 2507 1598 2551 contracti)

87 2562 246 2607 exempla
270 2561 312 2595 ab
339 2573 375 2595 se
397 2561 560 2594 restituta
588 2565 769 2600 memorat,
789 2572 823 2605 p.
850 2566 908 2607 15.
940 2570 1001 2606 54.
1032 2558 1122 2604 308.
1152 2558 1242 2605 368.
1271 2569 1361 2604 439.
1395 2567 1483 2605 572.
1505 2558 1596 2594 668.

90 2612 305 2659 788.1024.
326 2623 499 2660 93.703.
526 2623 637 2660 1390.
660 2624 748 2658 414.
770 2622 864 2671 539..
888 2623 997 2671 1330.
1026 2623 1135 2658 1343.
1166 2611 1489 2670 1157.467.1469.
1506 2619 1597 2658 471.

92 2665 198 2712 1480.
225 2677 313 2713 502.
335 2674 423 2713 575.
451 2677 561 2700 1001.
588 2676 700 2711 1130.
754 2666 890 2700 Slmiha
908 2666 1083 2699 interdum
1111 2670 1292 2699 servarunt
1312 2665 1459 2705 codlces,
1480 2669 1519 2698 ut
1537 2663 1596 2699 ἅν-

86 2719 216 2764 θρωπος
246 2731 278 2764 p.
302 2730 364 2765 3²·
387 2726 422 2753 et
443 2730 504 2763 42.
526 2731 568 2753 ex
590 2720 624 2759 S,
645 2718 797 2762 ἁδελφὸς
825 2730 859 2764 p.
882 2728 970 2764 379.
992 2730 1034 2752 ex
1055 2718 1099 2756 Q.
1130 2718 1230 2752 αὑτός
1255 2723 1290 2751 et
1319 2716 1358 2751 ἅν
1387 2730 1421 2764 p.
1441 2724 1532 2764 471.
1563 2723 1598 2752 et

88 2771 177 2818 485.
193 2784 235 2806 ex
255 2772 286 2805 Y
305 2778 387 2806 sunt
406 2772 578 2806 restituta.
664 2779 674 2792 ‘
697 2771 914 2816 ἀξιόπιστος]
939 2785 996 2816 γρ.
1017 2770 1203 2814 ἀξιόπιστα
1223 2771 1347 2806 B.F.S.
1444 2776 1464 2796 ⁹·
1482 2770 1596 2816 τρέψῃ

88 2838 124 2858 τε
142 2825 312 2859 Wolfius:
341 2824 509 2869 τρέψηται
528 2825 617 2858 libri.
730 2821 745 2843 b
765 2838 797 2857 τι
818 2836 889 2858 om.
916 2822 954 2857 Y.

806 2896 875 2923 c2
