1903 3271
18 193 130 235 -359,
155 198 186 222 8.
464 186 591 223 ΠΕΡΙ
620 186 731 225 ΤΗΣ
763 186 1226 225 ΠΑΡΑΠΡΕΣΒΕΙΑΣ.
1525 185 1609 227 375

99 314 199 358 νην·
241 293 448 348 ιτούτοις
482 293 551 345 ὅτι
587 297 663 345 καὶ
689 301 784 348 τοῖς
822 303 842 321 ¹¹
863 296 1068 361 ἐκγόνοις
1105 295 1190 359 τὴν
1217 294 1361 359 αὐτὴν
1386 298 1603 364 Χέψηφί-
1647 307 1650 311 ’

96 378 243 428 σασθ’
281 376 531 445 ἐπέδειξαν,
571 376 694 428 ὥστε
733 381 985 446 Ῡπανταχῆ
1027 377 1086 428 τὰ
1123 383 1235 443 παρ’
1279 385 1297 404 ²
1315 380 1443 441 ὑμῶν
1483 381 1601 430 ἀπο-

95 463 380 526 γνωσθῆναι.
447 460 606 526 διόπερ
657 460 879 512 ἢᾶπαντα
928 467 1075 511 ταῦτα
1123 465 1187 513 εἷς
1236 459 1285 510 ἓν
1335 459 1605 528 Ι)ι,[κήφισμα

29 553 82 592 62
95 543 468 595 συνεσκεύασαν.
512 543 537 594 ὃ
572 547 646 595 καὶ
671 545 898 610 μέγιστον
933 545 1086 610 ἐμοιγε
1127 547 1347 595 δοκοῦσιν
1384 543 1605 594 ἁπάντων
1624 572 1633 591 ι
1641 572 1658 601 5

94 629 211 690 ὑμᾶς
249 628 523 691 ἠδικηκέναι·
564 627 617 678 τὸ
643 627 735 695 γὰρ
773 627 892 694 πρὸς
926 629 1074 694 ἄνδρα
1100 627 1271 692 θνητὸν
1296 630 1370 678 καὶ
1397 626 1472 678 διὰ
1497 650 1601 677 και-

90 711 201 777 ρούς
225 733 354 764 τινας
380 711 608 777 ἰσχύοντα
633 710 907 781 γράφοντας
931 711 1114 778 εἰρήνην
1142 711 1376 762 ἀθάνατον
1402 711 1601 762 ρσυνθέ-

90 799 206 847 σθαι
243 793 328 858 τὴν
367 795 486 846 κατὰ
527 799 610 859 τῆς
651 795 835 849 πόλεως
873 795 1118 863 αἰσχύνην,
1160 797 1235 846 καὶ
1275 797 1604 861 ἀποστερῆσαι

88 878 154 943 μὴ
195 877 374 942 ἀμόνον
411 884 506 930 τῶν
543 880 724 942 ἄλλων,
763 878 892 929 ἀλλὰ
934 881 1009 929 καὶ
1045 883 1139 929 τῶν
1172 877 1303 944 παρὰ
1340 881 1422 941 τῆς
1459 878 1603 946 τύχης
1617 906 1658 927 20

88 962 365 1029 εὐεργεσιῶν
390 962 475 1026 τὴν
499 961 656 1024 πόλιν,
683 964 757 1013 καὶ
783 961 993 1029 τοσαύτῃ
1018 962 1265 1029 περιουσίᾳ
1293 968 1309 987 ‘³
1326 961 1604 1028 χρήσασθαι

86 1047 311 1111 πονηρίας
335 1044 460 1097 ὥστε
485 1045 549 1110 μὴ
575 1045 721 1109 μόνον
746 1045 852 1098 τοὺς
892 1045 1028 1097 ὄντας
1054 1045 1345 1109 Ἀθηναίους,
1369 1044 1501 1095 ἀλλὰ
1527 1047 1602 1095 καὶ

86 1129 193 1183 τοὺς
220 1129 417 1196 ὕστερόν
447 1152 562 1180 ποτε
587 1129 852 1192 μέλλοντας
890 1129 1087 1179 ἔσεσθαι
1120 1127 1298 1180 πάντας
1325 1128 1599 1192 ἠδικηκέναι,

21 1224 74 1278 63
86 1218 185 1267 πῶς
228 1214 332 1281 οὐχὶ
376 1212 622 1265 πάνδεινόν
661 1215 798 1275 ἐστι;
842 1218 981 1263 τοῦτο
1022 1213 1178 1262 τοίνυν
1224 1213 1434 1263 οὐδέποθ’
1476 1214 1601 1275 ὑμεῖς

84 1295 362 1360 ῖὺπεμείναπ
390 1295 449 1347 ἂν
475 1298 673 1362 ὕστερον
697 1294 1017 1363 προσγράψαι
1049 1294 1168 1361 πρὸς
1205 1294 1291 1358 τὴν
1317 1294 1518 1360 εἰρήνην,
1545 1296 1599 1346 τὸ
1614 1321 1651 1352 25

84 1382 159 1431 καὶ
198 1385 293 1434 τοῖς
332 1380 586 1446 ἕέκγόνοις,
625 1385 662 1431 εἰ
703 1379 768 1444 μὴ
808 1385 908 1433 ταῖς
943 1384 1050 1445 παρ’
1094 1381 1324 1446 Αἰσχίνου
1362 1380 1600 1445 ῥηθείσαις

86 1464 379 1531 ὑποσχέσεσι
416 1463 513 1515 τότ’
541 1463 866 1526 ἐπιστεύσατε,
894 1462 1068 1529 αἷσπερ
1108 1467 1151 1513 οἱ
1183 1467 1360 1516 Φωκεῖς
1398 1462 1595 1513 πιστεύ-

1271 1546 1291 1572 h

84 1571 254 1601 σαντες
286 1548 553 1599 ἀπώλοντο.
596 1551 671 1599 καὶ
703 1547 795 1614 γάρ
834 1570 906 1598 τοι
943 1546 1232 1612 παραδόντες
1302 1546 1467 1599 αὐτοὺς
1507 1550 1597 1596 Φι-

83 1631 245 1699 λίππῳ
308 1633 383 1681 καὶ
433 1630 614 1684 ἑκόντες
676 1631 1047 1697 1ἐγχειρίσαντες
1098 1631 1253 1699 ἐκείνῳ
1303 1628 1387 1683 τὰς
1436 1629 1598 1683 πόλεις
1611 1650 1694 1691 359

951 1712 972 1740 k

83 1713 303 1766 ἁπάντων
329 1719 423 1766 τῶν
448 1716 681 1777 ἐναντίων,
708 1713 773 1764 ὧν
797 1713 916 1780 πρὸς
989 1715 1106 1776 ὑμᾶς
1137 1713 1268 1767 οὗτος
1295 1712 1597 1779 ἀπήγγειλεν,

81 1798 261 1865 ἔτυχον.

43 1902 71 1940 4
145 1881 251 1933 Ἵνα
289 1884 327 1933 δ’
365 1885 510 1946 εἰδῆτε
543 1886 715 1950 σαφῶς
752 1881 821 1933 ὅτι
856 1882 986 1932 ταῦθ’
1026 1882 1146 1932 οὕτω
1180 1883 1254 1931 καὶ
1292 1880 1367 1932 διὰ
1405 1881 1597 1935 τούτους

80 1966 318 2029 ἀπόλωλε,
363 1965 470 2020 τοὺς
511 1966 708 2034 χρόνους
759 1965 890 2028 1ὑμῖν
933 1971 1184 2030 λογιοῦμαι
1231 1966 1332 2016 καθ’
1375 1965 1452 2018 οὓς
1496 1966 1591 2030 ε’γί-

79 2051 203 2115 γνεθ’
241 2051 436 2101 ἕκαστα.
477 2053 582 2116 περὶ
617 2047 679 2099 ὧν
721 2053 762 2100 δ’
799 2049 856 2099 ἄν
891 2071 959 2101 τις
994 2049 1217 2116 ἀντιλέγῃ
1254 2048 1446 2106 τούτων,
1476 2050 1626 2103 ἀνα-5

78 2134 197 2189 στὰς
222 2137 271 2186 ἐν
296 2140 362 2204 τῷ
387 2137 481 2204 ἐμῷ
508 2136 639 2185 ὕδατι
672 2132 898 2184 melmin».
942 2133 969 2195 ἡ
1001 2131 1085 2195 μὲν
1111 2133 1267 2183 τοίνυν
1293 2132 1448 2199 εἰρήνη
1474 2135 1589 2183 ἐλα-

78 2224 379 2286 φηβολιῶνος
429 2216 599 2285 Πένάτῃ
649 2219 723 2268 ἐπὶ
771 2217 907 2266 Οδέκα
956 2217 1181 2280 Ρέγένετο,
1226 2215 1596 2280 ἀπεδημήσαμεν

76 2304 118 2351 δ’
155 2302 282 2366 ἡμεῖς
320 2304 394 2353 ἐπὶ
432 2301 539 2355 τοὺς
571 2300 735 2366 ὅρκους
778 2304 898 2365 τρεῖς
932 2302 1081 2362 μῆνας
1120 2299 1274 2352 ὅλους·
1319 2301 1394 2349 καὶ
1429 2305 1596 2350 τοῦτον

127 2429 141 2453 t
160 2427 242 2461 Non
263 2432 355 2467 ante,
374 2427 435 2460 sed
453 2431 534 2472 post
559 2424 692 2460 τούτοις
716 2424 936 2470 interpungit
955 2425 996 2458 A.
1110 2431 1124 2445 ¹¹
1145 2423 1312 2469 ἐκγόνοις]
1335 2424 1486 2469 ἐγγόνοις
1508 2424 1593 2458 S-O.

226 2486 242 2501 κ

73 2519 174 2550 t.u.V.
206 2514 359 2559 ἐγγόνοις
379 2514 418 2548 F.
540 2518 559 2537 X
580 2511 824 2557 ἐψηφίσασθε]
849 2511 1121 2556 ἐπεψηφίσασθε
1141 2523 1168 2544 r.
1279 2516 1298 2543 Y
1317 2509 1488 2554 πανταχῆ]
1512 2523 1595 2543 παν-

73 2569 175 2612 τευχῆ
191 2580 227 2602 u.
339 2574 355 2592 Ζ
376 2566 484 2612 ὑμῶν]
510 2566 587 2610 ὑμῖν
606 2567 681 2599 A.s.
793 2570 811 2588 a
830 2563 961 2598 ἅπαντα
981 2566 1086 2598 ταῦτα
1107 2563 1189 2597 S.Y.
1225 2565 1329 2596 ταῦτα
1348 2564 1456 2596 πάντα
1477 2563 1594 2608 vulgo.

74 2618 90 2642 b
118 2620 305 2666 ψήφισμα]
326 2620 498 2666 ψήφισμα
517 2619 608 2653 οὗτοι
630 2618 879 2657 F.Q.O.t.u.v.
905 2624 939 2652 et
959 2630 979 2651 a
998 2630 1043 2651 m.
1066 2629 1133 2651 sec.
1158 2617 1192 2650 S.
1350 2622 1365 2641 ⁰·
1386 2615 1589 2661 συνθέσθαι]

74 2674 260 2708 συνθέσθαι
280 2673 332 2707 καὶ
350 2686 380 2709 r.
536 2671 551 2693 ‘¹
572 2671 690 2717 μόνον]
715 2673 818 2715 μόνον
836 2671 927 2716 παρὰ
948 2670 1084 2709 F.Y.Q.
1126 2671 1228 2712 μόνον
1247 2673 1314 2702 τῶν
1332 2669 1424 2715 παρὰ
1445 2668 1593 2702 O.t.u.v.

74 2731 90 2751 e
109 2726 321 2772 χρήσασθαι]
344 2727 494 2772 χρῆσθαι
513 2726 657 2760 A.k.r.s.
761 2721 776 2749 f
793 2724 1000 2769 ὑπεμείνατ’]
1025 2723 1209 2767 ὑπεμείνετ’
1231 2723 1336 2756 A.1·.s.
1448 2728 1468 2755 g
1497 2721 1592 2767 ε’κγό-

630 2784 646 2799 κ

73 2813 158 2859 νοις]
189 2813 342 2859 ἐγγόνοις
372 2812 565 2847 S.O.t.u.V.
609 2812 762 2858 ἐγγόνοις
786 2812 826 2845 F.
965 2807 985 2834 h
1009 2809 1147 2855 αὐτοὺς]
1182 2808 1320 2843 ἑαυτοὺς
1343 2809 1385 2841 A.
1409 2814 1443 2841 et
1463 2819 1532 2841 ree.
1557 2808 1591 2842 S.

71 2862 82 2889 i
102 2866 368 2913 ἐγχειρίσαντες]
394 2865 655 2911 ἐγχειρήσαντες
672 2864 758 2903 S.Q.
776 2870 811 2898 et
830 2876 883 2909 pr.
901 2864 942 2896 A.
1015 2859 1033 2886 k
1056 2862 1156 2908 ὑμᾶς]
1183 2861 1266 2905 ἡμᾶς
1288 2862 1399 2895 F.u.v.
1466 2858 1476 2884 Ῑ
1497 2859 1589 2905 ὑμῖν]

71 2918 148 2962 ἡμῖν
168 2931 194 2953 r.
315 2926 345 2945 m
366 2920 508 2965 εἰπάτω]
534 2918 654 2952 εἰπέτω
674 2930 725 2963 pr.
750 2918 787 2951 F.
912 2922 926 2937 Π
947 2915 1062 2960 ἐνάτῃ]
1082 2916 1198 2957 ἐννάτη
1220 2916 1254 2948 k.
1380 2919 1398 2938 0
1419 2913 1512 2959 δέκα]
1537 2914 1591 2946 δε-

71 2973 151 3015 κάτη
171 2972 246 3007 Y.1·.
268 2979 303 3007 et
321 2988 376 3019 γρ,
400 2974 441 3008 F.
552 2977 572 3004 P
593 2970 742 3016 ἐγένετο]
768 2970 920 3015 ἐγίγνετο
940 2981 968 3003 r.
