1930 3266
301 188 386 231 294
836 192 1265 230 ΔΗΜΟΣΘΕΝΟΎΣ
1364 191 1446 230 Oa.
1466 190 1650 230 XVIII.
1672 205 1712 245 p.
1730 189 1826 241 280,
1845 167 1930 234 104]

357 300 678 352 παραβαίνοντάς
712 317 748 341 τι
782 305 859 342 τῶν
895 303 938 342 ἐν
973 303 1191 353 ἀνθρώποις
1226 303 1418 352 εὐσεβῶν·
1461 300 1562 343 ὥστε
1597 306 1816 343 συναντᾶτε
1830 320 1868 342 10

355 369 454 418 μετὰ
493 371 569 407 τῶν
609 368 743 408 ὅπλων
784 370 838 411 εἷς
877 369 947 419 τὴν
982 369 1151 414 Φωκίδα,
1189 369 1348 421 ἔχοντες
1381 370 1630 421 ἐπισιτισμὸν
1665 371 1818 421 ἡμερῶν

357 435 680 487 ἕτετταράκοντα,
713 440 781 476 τοῦ
812 438 1026 478 ἐνεστῶτος
1049 435 1170 487 μηνὸς
1201 435 1318 490 λῴου,
1352 437 1402 478 ὡς
1432 437 1542 487 ἡμεῖς
1575 438 1735 489 ἄγομεν,
1768 438 1818 480 ὡς

356 503 397 542 δὲ
417 501 632 552 Ἀθηναῖοι,
654 506 960 554 βοηδρομιῶνος,
979 504 1029 545 ὡς
1050 504 1091 542 δὲ
1110 505 1322 555 Κορίνθιοι,
1348 503 1367 531 ¹¹
1382 505 1570 554 πανέμου.
1603 508 1682 547 τοῖς
1702 506 1743 545 δὲ
1763 505 1816 556 μὴ

355 569 627 619 συναντήσασι
648 570 838 621 πανδημεὶ
858 571 1099 623 χρησόμεθα,
1127 570 1156 624 [i
1166 575 1246 613 τοῖς
1267 573 1308 610 δὲ
1331 572 1574 622 συμβούλοις
1594 572 1612 595 k
1625 573 1717 623 ἡμῖν
1738 589 1814 613 κει·
1828 590 1863 622 15

352 637 503 690 μένοις]
531 638 753 687 ἐπιζημίοις.
786 637 994 689 εὐτυχεῖτε.

202 724 280 766 203
369 717 535 782 ‘Opcie‘
578 715 648 766 ὅτι
694 715 857 784 φεύγει
899 714 1002 779 1μὲν
1043 715 1127 769 τὰς
1172 718 1288 770 ἰδίας
1331 717 1612 786 προφάσεις,
1659 722 1720 772 εἷς
1765 718 1814 770 δὲ

293 799 376 853 τὰς
401 799 801 868 Ἀμφικτυονικὰς
840 800 1139 868 καταφεύγει.
1183 802 1251 854 τίς
1287 802 1368 852 οὖν
1397 803 1421 852 ὁ
1461 807 1606 852 ταῦτα
1640 809 1808 865 111συμ-

291 883 663 948 παρασκευάσας
702 885 862 952 αὐτῴς
905 885 974 937 τίς
1021 885 1045 933 ὁ
1084 883 1168 937 τὰς
1205 883 1473 952 προφάσεις
1515 885 1688 939 ταύτας
1732 887 1808 936 ε’ν-

289 967 396 1021 δούς
418 990 430 1030 ;
475 969 544 1021 τίς
571 969 595 1018 ὁ
621 973 716 1019 τῶν
742 973 897 1018 κακῶν
923 973 1017 1018 τῶν
1043 969 1363 1034 γεγενημένων
1389 967 1605 1031 μάλιστα
1631 970 1774 1023 α’ίτιος
1795 996 1863 1031 320

289 1052 375 1118 οὐχ
405 1051 538 1105 οὗτος
560 1074 572 1114 ;
617 1050 681 1116 μὴ
709 1053 863 1103 τοίνυν
891 1051 1097 1117 ῃλε’γετε,
1125 1050 1162 1102 ὦ
1189 1052 1350 1118 ἄνδρες
1374 1055 1629 1116 Ἀθηναῖοι,
1656 1077 1803 1120 περιι-

288 1135 415 1190 όντες
443 1139 505 1190 ὡς
541 1139 622 1206 ὑφ’
652 1137 751 1191 ἑνὸς
789 1143 982 1188 τοιαῦτα
1019 1137 1253 1188 πέπονθεν
1279 1138 1307 1202 ἡ
1333 1136 1518 1191 Ἑλλὰς
1544 1138 1806 1204 ἀνθρώπου.

194 1221 374 1287 204οὐχ
414 1222 490 1288 ὑφ’
520 1220 632 1283 ἑνὸς,
661 1223 774 1271 ἀλλ’
805 1219 894 1272 ὑπὸ
920 1226 1122 1272 πολλῶν
1161 1224 1235 1272 καὶ
1268 1227 1488 1288 πονηρῶν
1527 1227 1655 1273 Οτῶν
1693 1228 1806 1290 παρ’

286 1303 516 1368 ἑκάστοις,
554 1303 591 1356 ὦ
627 1308 689 1371 γῆ
725 1306 800 1355 καὶ
837 1305 948 1356 θεοί·
993 1303 1057 1355 ῶν
1095 1305 1157 1359 εἷς
1188 1307 1402 1368 Ροὺτοσῖ,
1442 1305 1509 1369 ὃν,
1549 1311 1622 1357 ‘lez
1661 1307 1857 1371 μηδιένκς>

284 1389 609 1454 εὐλαβηθέντα
633 1388 835 1453 τάληθὲς
870 1393 1012 1440 εἰπεῖν
1039 1389 1144 1451 δέοι,
1173 1391 1255 1440 οὐκ
1283 1389 1339 1440 ἂν
1366 1389 1619 1454 ὀκνήσαιμι
1657 1390 1804 1456 ἔγωγε

283 1473 438 1524 κοινὸν
464 1472 728 1540 Γάλιτήριον
763 1478 858 1524 τῶν
891 1473 1009 1537 μετὰ
1046 1480 1195 1524 ταῦτα
1221 1473 1548 1525 ἀπολωλότων
1583 1473 1806 1526 ἁπάντων

281 1560 436 1619 εἰπεῖν,
464 1558 740 1624 ἀνθρώπων,
765 1558 936 1619 τόπων,
962 1557 1166 1608 πόλεων·
1211 1560 1235 1608 ὁ
1268 1558 1359 1624 γὰρ
1395 1558 1449 1608 τὸ
1477 1559 1670 1625 σπέρμα
1703 1582 1797 1609 πα-

280 1641 492 1708 ρασχὼν,
531 1642 665 1695 οὗτος
706 1646 800 1692 τῶν
845 1641 1068 1710 ἓφύντων
1103 1642 1258 1695 α’ίτιος.
1300 1642 1353 1693 ὃν
1390 1643 1516 1696 ὅπως
1561 1644 1676 1694 ποτὲ
1721 1645 1805 1695 οὐκ

281 1725 414 1779 εὐθὺς
469 1725 642 1778 ἰδόντες
693 1724 1047 1793 ἀπεστράφητε,
1100 1727 1337 1792 θαυμάζω·
1402 1726 1531 1791 πλὴν
1581 1727 1709 1779 πολύ
1758 1750 1803 1778 τι
1817 1741 1894 1782 281

280 1808 468 1872 σκότος,
495 1812 556 1862 ὡς
583 1809 742 1867 ἔοικεν,
770 1810 893 1859 ‘eo-r>
920 1812 1025 1875 παρ’
1059 1811 1164 1874 ὑμῖν
1190 1808 1283 1876 πρὸ
1311 1813 1393 1874 τῆς
1419 1812 1656 1875 ἀληθείας.

55 1902 75 1983 ξ
185 1908 264 1950 205
316 1891 323 1924 ³
355 1895 634 1958 Συμβέβηκε
673 1894 829 1944 τοίνυν
863 1917 943 1957 μοι
980 1899 1075 1945 τῶν
1110 1894 1230 1945 κατὰ
1266 1898 1349 1958 τῆς
1386 1897 1610 1961 πατρίδος
1649 1894 1800 1965 τούτῳ

61 1985 65 1990 ’
277 1978 620 2046 πεπραγμένων
646 1978 878 2047 ἁψαμένῳ
913 1982 975 2031 εἷς
1009 1977 1040 2028 ἃ
1070 1978 1250 2032 τούτοις
1288 1979 1635 2042 ἐναντιούμενος
1660 1979 1828 2035 αὐτὸς5

277 2063 617 2126 πεπολίτευμαι
655 2064 901 2132 “ἀφῖχθαι·
945 2060 974 2113 ἃ
1013 2068 1216 2114 πολλῶν
1263 2063 1346 2126 μὲν
1387 2064 1496 2114 ἕνεκ’
1538 2062 1633 2114 Χᾶν
1674 2062 1792 2115 εἰκό-

277 2171 368 2201 τως
408 2146 692 2198 Ῡάκούσαιτέ
727 2170 831 2211 μου,
871 2147 1092 2211 μάλιστα
1137 2150 1173 2198 δ’
1216 2147 1286 2198 ὅτι
1332 2147 1533 2215 αἰσχρόν
1577 2150 1720 2210 ἐστιν,
1762 2146 1799 2199 ὦ

276 2233 441 2299 ἄνδρες
465 2234 720 2297 Ἀθηναῖοι,
747 2236 785 2282 εἰ
811 2232 902 2298 ἐγὼ
929 2232 1013 2297 μὲν
1039 2232 1099 2284 τὰ
1124 2233 1239 2299 ἔργα
1274 2237 1368 2283 τῶν
1395 2231 1508 2298 ὑπὲρ
1546 2234 1675 2296 ὑμῶν
1699 2231 1792 2284 πό-

277 2340 368 2367 νων
395 2315 626 2379 ὑπέμεινα,
654 2317 778 2380 ὑμεῖς
805 2316 853 2367 δὲ
887 2315 1005 2381 μηδὲ
1042 2315 1149 2370 τοὺς
1175 2316 1348 2381 λόγους
1375 2316 1528 2366 αὐτῶν
1553 2316 1791 2385 ἀνέξεσθε.

181 2414 262 2453 206
277 2402 398 2468 ὀρῶν
432 2399 526 2467 γὰρ
564 2399 656 2466 ἐγὼ
692 2401 948 2464 Θηβαίους,
981 2400 1156 2467 σχεδὸν
1195 2399 1243 2450 δὲ
1278 2401 1355 2449 καὶ
1390 2401 1538 2463 Ζὺμᾶς
1573 2398 1664 2451 ὑπὸ
1698 2405 1793 2451 τῶν
1809 2424 1847 2446 ¹0

326 2582 343 2605 g
361 2574 624 2620 τετταράκοντα]
644 2576 903 2620 τεσσαράκοντα
924 2576 1092 2616 S.Q.O.t.
1165 2573 1186 2600 h
1207 2575 1374 2622 πανέμου]
1398 2574 1552 2619 πανήμου
1573 2575 1791 2620 F.S.Y.Q.p.

273 2628 284 2655 i
303 2630 590 2673 τοῖς-κειμένοις
611 2628 739 2662 delevit
758 2629 944 2665 Dobraeus.
1064 2627 1085 2654 k
1105 2631 1267 2673 κειμένοις
1287 2629 1536 2674 F.S.Y.Q.p.r.
1567 2629 1611 2672 μὴ
1631 2628 1793 2673 κειμένοις

271 2685 390 2730 vulgo.
542 2679 552 2706 Ῑ
581 2682 642 2725 μὲν
662 2694 732 2716 om.
757 2683 792 2716 S.
950 2689 979 2708 ¹1²
1010 2683 1362 2729 συμπαρασκευάσας]
1390 2683 1653 2727 παρασκευάσας
1672 2683 1789 2716 A.k.s.

274 2743 293 2762 ¹1
313 2739 433 2782 λέγετε
453 2748 524 2770 om.
546 2748 600 2780 pr.
625 2735 660 2769 S.
765 2741 783 2760 ⁰
805 2741 871 2771 τῶν
891 2749 959 2771 om.
981 2749 1033 2783 pr.
1057 2738 1092 2771 S.
1193 2744 1210 2773 Ι)
1230 2735 1354 2770 οὑτοσί
1373 2737 1408 2770 S.
1439 2735 1538 2771 οὗτός
1557 2735 1652 2769 ἐστιν
1671 2736 1789 2781 vulgo.

273 2798 291 2826 ‘³
313 2791 342 2825 εἷ
363 2803 433 2824 om.
453 2801 506 2835 pr.
527 2801 554 2822 S·
580 2794 661 2834 post
682 2789 913 2834 εὐλαβηθέντα
941 2791 1042 2836 ponit
1070 2803 1138 2825 rec.
1166 2802 1193 2825 s.
1354 2797 1368 2816 Γ
1387 2788 1580 2835 ἀλιτήριον]
1606 2788 1790 2834 ἅλητὴριον

270 2856 323 2889 pr.
345 2845 382 2878 S.
480 2849 493 2868 s
514 2840 653 2887 φύντων
672 2840 778 2879 αἴτιος
797 2844 996 2879 Y.O.t.u.v.
1028 2843 1167 2889 φύντων
1186 2846 1293 2877 κακῶν
1312 2842 1418 2878 αἴτιος
1436 2843 1555 2889 vulgo.
1659 2841 1673 2866 t
1693 2842 1790 2876 ἐστὶν

270 2903 353 2932 ante
373 2897 417 2932 ὡς
435 2897 480 2931 Y.
567 2901 590 2920 u
609 2895 755 2941 ἀφῖχθαι
775 2910 845 2931 om.
865 2909 920 2943 pr.
945 2898 979 2931 S.
1090 2902 1106 2918 x
1127 2895 1167 2931 ἂν
1186 2897 1345 2931 additum
1365 2909 1407 2931 ex
1429 2897 1464 2931 S.
1570 2901 1590 2929 Y
1607 2893 1790 2929 ἀκούσαιτε

269 2950 312 2985 Y.
335 2957 370 2985 et
391 2955 567 2985 correctus
588 2949 632 2988 Q.
662 2948 832 2985 ἀκούσατε
851 2951 997 2985 A.k.r.s.
1029 2950 1166 2985 ἀκούετε
1187 2950 1231 2985 Ο.
1261 2949 1425 2985 ἀκούσετε
1444 2950 1564 2996 vulgo.
1645 2954 1663 2974 Ζ
1684 2947 1786 2994 ὑμᾶς]

269 3003 354 3047 ἡμᾶς
375 3004 418 3038 Ο.
