1903 3271
273 172 356 211 418
818 176 1244 214 ΔΗΜΟΣΘΕΝΟΎΣ
1379 175 1463 214 On.
1483 174 1624 215 XIX.
1644 189 1686 229 p.
1700 176 1800 229 396,
1816 192 1856 216 ‘24

272 285 383 347 μίαν
427 283 628 335 1(πᾶσαν
673 284 998 351 1συνειχόμην,
1045 292 1075 310 ¹¹¹
1095 285 1329 350 ἑοράκατε.
1395 287 1443 336 τί
1489 286 1583 351 γὰρ
1627 285 1792 340 αὐτοὺς

275 367 417 418 οἴεσθ’
460 369 554 418 ἐκεῖ
592 372 741 419 ποιεῖν
783 367 921 432 ἐγγυς
962 368 1128 421 Πὸντας
1171 375 1252 418 τοῦ
1292 369 1513 431 διδόντος,
1555 369 1621 420 ὅθ’
1664 372 1793 433 ὑμῶν
1807 388 1844 418 ²5

275 451 504 518 ὁρώντων,
532 456 661 502 Οτῶν
688 454 762 501 καὶ
789 455 985 513 τιμῆσαι
1025 452 1194 516 κυρίων
1230 451 1378 502 ὄντων
1414 454 1490 503 καὶ
1525 455 1794 504 τούναντίον
1883 483 1893 505 ι

274 535 494 597 κολάσαι,
521 541 712 586 τοιαῦτα
735 541 952 585 ποιοῦσιν
973 557 984 596 ;
1882 563 1886 586 z

184 627 261 678 196
350 619 752 682 Συλλογίσασθαι
808 619 863 680 δὴ
905 617 1140 679 βούλομαι
1189 617 1248 667 τὰ
1289 619 1644 684 κατηγορημένα
1684 620 1790 670 Ράπ’
1877 631 1889 661 -‘'

274 703 436 768 ἀρχῆς,
474 702 526 752 ἵν’
564 701 696 751 (Ιὸσα
734 703 873 763 Γὺμΐν
907 700 1184 767 ὑπεσχόμην
1221 700 1477 768 ἀρχόμενος
1513 708 1595 752 τοῦ
1630 702 1794 767 λόγου,
1878 691 1893 755 “e

274 786 413 853 δείξω
458 785 770 848 5πεποιηκώς.
831 784 1065 853 ἵέπέδειξα
1110 792 1130 811 ¹¹
1147 785 1278 836 οὐδὲν
1321 785 1495 849 ἀληθὲς
1543 788 1791 852 ἀπηγγελ-
1866 755 1892 928 j

275 868 402 931 κότα,
431 868 562 919 ἀλλὰ
593 870 898 937 φενακίσανθ’
928 871 1059 932 ὑμᾶς,
1095 869 1303 935 μάρτυσι
1341 875 1436 923 τοῖς
1474 871 1795 936 γεγενημένοις
1808 886 1861 928 39
1878 903 1891 933 „1

275 955 442 1015 αὐτοῖς,
480 954 533 1003 οὐ
572 953 735 1018 λόγοις
768 953 1023 1020 χρώμενος.
1067 952 1279 1021 ἐπέδειξα
1318 954 1501 1004 Χαῖτιον
1541 955 1791 1019 γεγενημέ-
1876 953 1891 1020 ἑ

275 1057 356 1086 νον
393 1040 476 1085 τοῦ
515 1033 580 1098 μὴ
620 1035 772 1086 θέλειν
808 1037 925 1098 ὑμᾶς
965 1034 1147 1085 ἀκούειν
1178 1037 1289 1097 ἐμοῦ
1324 1038 1510 1100 τάληθῆ
1546 1041 1646 1089 ταῖς
1685 1039 1798 1088 ὑπο-
1879 1044 1882 1057 '

275 1119 481 1184 σχέσεσι
533 1121 608 1168 καὶ
655 1123 750 1172 τοῖς
801 1119 1135 1183 ἐπαγγέλμασι
1188 1124 1284 1171 τοῖς
1334 1118 1502 1169 τούτου
1550 1127 1792 1184 Υκαταλη-

277 1200 481 1270 φθέντας
519 1200 638 1263 τότε,
670 1201 828 1252 πάντα
869 1204 1091 1252 τάναντία
1127 1202 1562 1264 συμβουλεύσαντα
1604 1202 1669 1267 Ζῆ
1710 1204 1829 1259 ἕδει5

184 1303 261 1346 197
277 1288 352 1336 καὶ
386 1291 444 1354 τῇ
479 1285 562 1348 μὲν
594 1291 688 1335 τῶν
714 1286 981 1352 συμμάχων
1017 1285 1295 1336 ἀντειπόντα
1330 1284 1498 1353 εἰρήνῃ,
1533 1290 1591 1353 τῇ
1628 1286 1676 1337 δὲ
1715 1291 1800 1338 Φι-

277 1369 536 1435 λοκράτους
576 1369 1012 1435 συναγορεύσαντα,
1050 1368 1157 1421 τοὺς
1192 1367 1388 1436 χρόνους
1426 1371 1800 1438 κατατρίψαντα,

276 1454 352 1504 ἵνα
390 1454 495 1516 μηδ’
531 1456 567 1502 εἰ
607 1453 901 1513 ἔῖιβούλοισθε
944 1452 961 1478 ¹³
980 1452 1202 1503 δύναισθε
1247 1453 1463 1520 ἐξελθεῖν
1501 1458 1563 1507 εἱς
1595 1454 1801 1515 Φωκέας,

277 1538 352 1586 καὶ
397 1537 530 1586 ἄλλα
581 1538 654 1587 ἐπὶ
704 1539 787 1599 τῆς
829 1537 1093 1600 ἀποδημίας
1143 1535 1308 1587 πολλὰ
1350 1538 1425 1586 καὶ
1470 1535 1595 1587 δεινὰ
1639 1541 1793 1603 εἱργα-
1817 1567 1856 1588 ιο

279 1620 469 1682 σμένον,
513 1619 844 1685 προδεδωκότα
887 1619 1057 1681 πάντα,
1099 1619 1390 1684 πεπρακότα,
1439 1623 1567 1686 δῶρα
1618 1620 1801 1687 ἔχοντα,

279 1703 411 1754 οὐδὲν
449 1703 800 1753 οἐλλελοιπότα
838 1704 1113 1770 μοχθηρίας.
1157 1704 1322 1753 οὐκοῦν
1354 1706 1482 1754 ταῦθ’
1526 1703 1804 1771 ὑπεσχόμην

186 1797 265 1852 198
279 1789 328 1838 ἐν
366 1789 504 1855 ἀρχῇ,
543 1789 669 1838 ταῦτ’
713 1785 975 1856 (ιέπέδειξα.
1020 1788 1156 1852 ὁρᾶτε
1194 1788 1350 1837 τοίνυν
1387 1785 1447 1837 τὰ
1481 1787 1598 1850 μετὰ
1636 1793 1799 1838 ταῦτα·

281 1872 463 1924 ἁπλοῦς
503 1869 597 1936 γάρ
642 1871 742 1920 ἐσθ’
786 1871 810 1919 ὁ
850 1870 1044 1932 μέλλων
1088 1867 1232 1934 λόγος
1277 1876 1293 1894 ⁶
1314 1870 1477 1919 οὑτοσὶ
1525 1867 1644 1935 πρὸς
1686 1871 1804 1932 ὑμᾶς

279 1956 381 2020 ἤδη.
423 1954 698 2019 ὀμωμόκατε
745 1958 1036 2023 ψηφιεῖσθαι
1088 1952 1206 2003 κατὰ
1251 1953 1357 2006 τοὺς
1410 1952 1579 2015 νόμους
1629 1955 1704 2003 καὶ
1744 1952 1855 2011 τὰι5

280 2040 581 2108 ψηφίσματα
619 2037 706 2088 fr&
744 2043 826 2088 τοῦ
869 2039 1018 2101 δήμου
1057 2038 1131 2086 καὶ
1171 2039 1252 2100 τῆς
1287 2039 1468 2099 βουλῆς
1501 2041 1596 2086 τῶν
1635 2059 1804 2087 πεντα-

1519 2125 1539 2134 Α

282 2123 473 2174 κοσίων·
517 2123 730 2191 φαίνεται
770 2123 806 2172 δ’
837 2121 970 2175 οὗτος
1008 2120 1165 2172 πάντα
1201 2121 1425 2171 τάναντία
1461 2143 1558 2173 τοις
1596 2119 1804 2183 ἕνόμοις,

337 2260 357 2287 k
376 2262 507 2307 πᾶσαν]
531 2262 667 2296 ἅπασαν
686 2262 1079 2300 A.F.Q.O.k.r.s.t.u.v.
1203 2259 1212 2286 Ῑ
1233 2260 1456 2307 συνειχόμην]
1481 2263 1700 2306 συνεσχόμην
1721 2262 1803 2296 S.Y.

282 2322 343 2350 tx.
374 2318 566 2359 συνεχόμην
587 2328 620 2349 u.
672 2315 805 2348 Eadem
829 2315 1050 2348 librariorum
1077 2315 1180 2360 culpa
1205 2315 1300 2360 apud
1320 2315 1440 2360 Emip.
1464 2314 1610 2360 Hippol.
1627 2324 1688 2359 27.
1711 2316 1805 2349 κατέ-

283 2383 390 2414 σχετο
411 2369 550 2415 legitur,
567 2369 662 2413 quod
682 2368 856 2412 κατείχετο
877 2368 1101 2402 scribendum
1121 2380 1196 2402 esse
1217 2368 1303 2401 vidit
1323 2368 1504 2401 Monkius.
1597 2373 1628 2392 ¹1¹
1648 2369 1806 2413 ἑοράκατε

1364 2432 1387 2448 ω

283 2456 377 2495 Y.Q.
415 2455 639 2490 scribebatur
659 2456 836 2500 ἑωράκατε,
859 2455 1161 2489 consentientibus
1179 2455 1266 2488 AB.
1308 2460 1330 2474 “
1346 2455 1503 2500 ἑοράκατε
1524 2454 1562 2488 F.
1579 2455 1640 2500 qui
1660 2455 1709 2488 sic
1727 2460 1806 2488 tau-

283 2515 361 2543 tum
381 2521 452 2543 non
474 2509 644 2554 ubique.”
674 2509 895 2543 BEKKER.
1045 2514 1063 2532 Π
1086 2508 1201 2553 ὄντας]
1227 2508 1324 2544 ὄντος
1344 2509 1487 2542 A.k.r.s.
1509 2513 1544 2542 et
1564 2514 1741 2542 correctus
1761 2507 1805 2542 Ο.

285 2568 303 2587 0
323 2566 390 2596 τῶν
410 2575 479 2596 om.
503 2562 583 2596 ΞΥ.
697 2566 712 2588 1‘
732 2561 808 2607 ἀπ’]
834 2563 871 2606 ἐξ
891 2563 964 2595 As.
1083 2568 1101 2594 q
1123 2561 1206 2606 ὅσα]
1231 2561 1251 2594 ἃ
1271 2563 1414 2595 A.k.1·.s.
1527 2567 1542 2585 Γ
1562 2560 1655 2606 ὑμῖν]
1680 2560 1758 2604 ἡμῖν
1776 2573 1805 2595 r.

286 2621 300 2641 S
319 2616 526 2661 πεποιηκώς]
552 2614 757 2658 πεποιηκότα
780 2617 923 2658 ἐμαυτόν
941 2630 996 2660 γρ.
1020 2614 1106 2653 S.Q.
1193 2614 1206 2639 t
1226 2614 1397 2660 ἐπέδειξα]
1422 2614 1582 2658 ὑπέδειξα
1601 2626 1628 2647 r.
1709 2619 1731 2638 ¹1
1750 2614 1807 2648 οὗ·

285 2669 358 2715 δέν]
380 2670 483 2713 μηδὲν
505 2669 550 2708 Q.
710 2675 724 2690 x
755 2667 862 2702 αἴτιον
882 2680 952 2702 om.
974 2681 1027 2714 pr.-
1049 2668 1085 2702 S.
1131 2668 1187 2702 Sic
1207 2668 1297 2701 αἰτία
1325 2674 1406 2702 ante
1433 2668 1582 2713 ἐγεγόνει
1601 2679 1672 2701 om.
1691 2679 1745 2712 pr.
1770 2666 1806 2702 S.

1143 2727 1156 2747 r,

284 2769 319 2802 p.
346 2754 432 2802 787,
458 2767 518 2803 29.
663 2761 682 2788 Y
703 2754 998 2800 καταληφθέντας]
1023 2755 1309 2799 καταλειφθέντας
1331 2754 1368 2787 F.
1399 2753 1746 2798 προκαταληφθέντας
1764 2754 1807 2787 A.

284 2810 382 2843 k.1·.S.
499 2814 515 2833 Ζ
538 2808 556 2851 ἦ
578 2820 648 2842 om.
670 2820 722 2854 pr.
745 2809 778 2841 k.
891 2813 910 2832 a
927 2808 1136 2854 βούλοισθε]
1161 2807 1334 2849 βούλεσθε
1355 2808 1500 2843 A.k.r.s.
1588 2808 1603 2828 ¹*
1625 2805 1804 2852 δύναισθε]

286 2861 434 2905 δύνησθε
453 2863 600 2896 A.k.r.s.
711 2867 727 2887 C
747 2861 993 2907 ἐλλελοιπότα]
1020 2861 1243 2895 ἐκλελοιπότα
1262 2861 1409 2897 A.k.r.s.
1432 2866 1467 2895 et
1487 2875 1542 2906 γρ.
1562 2873 1594 2894 v.
1693 2856 1712 2885 d
1731 2859 1808 2893 ε’πέ-

287 2916 397 2961 δειξα]
424 2915 581 2960 ὑπέδειξα
603 2915 646 2954 Q.
760 2920 775 2939 e
795 2915 917 2948 οὑτοσὶ
937 2926 1005 2948 om.
1027 2915 1171 2949 A.k.r.s.
1256 2911 1272 2938 f
1287 2915 1329 2948 τὰ
1350 2914 1509 2948 additum
1529 2926 1570 2948 ex
1594 2913 1628 2947 S.
1715 2919 1736 2949 g
1755 2913 1809 2946 νό-

287 2968 380 3014 μοις]
404 2971 517 3013 νόμοις
537 2969 589 3002 καὶ
611 2968 723 3002 O.t.u.
