1882 3250
56 202 146 240 102,
172 206 222 231 ιε.
481 193 606 229 ΠΕΡΙ
636 191 752 228 ΤΩΝ
785 192 857 228 ΕΝ
889 191 1258 229 ΧΕΡΡΟΝΗΣΩΙ.
1541 191 1624 234 109

113 300 271 353 πόνων
308 305 507 352 πολλῶν
545 304 620 352 καὶ
659 301 979 367 πραγματείας
1017 298 1144 362 εἶναι,
1185 303 1258 350 καὶ
1297 299 1428 363 μάλα
1473 303 1622 367 ὀρθῶς

115 390 251 436 δοκεῖ·
293 386 401 435 ἀλλ’
445 385 524 436 ε’ἀν
575 386 854 450 εἓλογίσηται
904 383 962 434 τὰ
1011 388 1069 450 τῇ
1119 382 1256 434 πόλει
1305 383 1424 445 μετὰ
1474 390 1622 435 ταῦτα

113 466 417 531 γενησόμενα,
452 467 508 518 ἂν
541 473 688 518 ταῦτα
725 467 790 531 μὴ
826 467 963 534 ἐθέλῃ
1001 466 1177 528 Έποιεῖν,
1205 466 1390 534 εὑρήσει
1423 474 1613 518 λυσιτε-
1630 484 1666 515 25

44 570 100 612 50
113 556 229 601 λοῦν
253 551 306 601 τὸ
332 551 554 605 ἓὲκόντας
592 556 739 602 ποιεῖν
774 551 834 601 τὰ
870 550 1047 601 δεόντα.
1090 555 1127 601 εἰ
1160 551 1244 614 μὲν
1280 550 1373 616 γάρ
1411 553 1518 601 ἐστί
1552 575 1620 605 τις·

110 634 339 699 ἐγγυητὴς
367 634 383 661 ¹¹
395 640 499 698 υμῖν
521 638 657 685 1θεῶν
685 635 768 702 (οὐ
794 632 887 700 γὰρ
920 634 1181 699 ἀνθρώπων
1207 636 1249 699 γ’
1279 635 1425 687 οὐδεὶς
1451 634 1508 685 ἂν
1534 636 1613 700 γε’-

1341 716 1361 743 k
1382 719 1391 733 )
1404 716 1416 734 Χ
1494 717 1516 735 ,Ι
1607 720 1618 734 5

1370 740 1449 768 εαν
1482 723 1606 783 αγηθ

111 740 234 768 νοιτο
273 716 526 785 ἀξιόχρεως
563 717 841 781 τηλικούτου
878 716 1188 786 πράγματος)
1222 720 1298 775 ὡς,

110 802 311 868 ἡσυχίαν
349 805 424 852 καὶ
458 801 643 852 ἅπαντα
683 800 911 867 πρόησθε,
944 802 1025 851 οὐκ
1064 800 1150 852 l6’713
1187 800 1350 854 αὐτοὺς
1385 803 1502 864 ὑμᾶς
1540 824 1614 852 τε-

109 891 286 936 λευτῶν
321 888 487 939 ἐκεῖνος
525 885 638 954 ἥξει,
665 884 866 952 αἰσχρὸν
892 884 1017 947 Πὶμὲν
1053 883 1108 948 νὴ
1144 883 1226 935 τὸν
1254 885 1349 935 Δία
1383 890 1458 936 καὶ
1492 885 1613 936 πάν-
1633 900 1710 928 102

107 991 189 1022 τας
234 968 394 1023 ι’θεοὺς
432 972 506 1020 καὶ
548 968 740 1037 ἀνάξιον
782 970 911 1030 ὑμῶν
953 970 1028 1018 καὶ
1067 972 1162 1018 τῶν
1208 967 1515 1035 ὑπαρχόντων
1560 973 1618 1037 τῇ

104 1052 239 1103 πόλει
281 1056 355 1104 καὶ
391 1054 732 1119 πεπραγμένων
771 1057 867 1106 τοῖς
907 1051 1173 1117 προγόνοις,
1218 1054 1299 1114 τῆς
1337 1053 1452 1105 ἰδίας
1494 1053 1612 1103 οἑ’νε--

103 1159 163 1186 κα
186 1137 414 1204 ῥᾳθυμίας
453 1135 560 1190 τοὺς
586 1137 767 1188 ἄλλους·
805 1135 1010 1188 Ι’πάντας
1036 1134 1285 1199 ’Έλληνας
1315 1140 1376 1189 εὶς
1403 1138 1618 1187 δουλείαν

102 1219 346 1285 προέσθαι,
389 1222 464 1270 καὶ
509 1219 657 1283 ε”γωγε
702 1216 839 1271 αὐτὸς
886 1231 907 1266 q
918 1218 1003 1281 μὲν
1048 1217 1262 1268 τεθνάναι
1302 1223 1491 1280 μᾶλλον
1534 1219 1641 1270 ΙΓοἲν5

102 1301 131 1367 ἢ
169 1305 295 1354 ταῦτ’
332 1304 554 1369 εἰρηκέναι
595 1303 873 1366 βουλοίμην·
918 1303 970 1352 οὐ
1005 1301 1098 1366 μὴν
1133 1304 1248 1352 ἀλλ’
1286 1302 1328 1352 εἴ
1358 1325 1426 1355 τις
1465 1302 1616 1356 ἄλλος

102 1387 229 1452 λε’γει
268 1389 343 1438 καὶ
383 1389 501 1450 ὑμᾶς
538 1387 698 1449 πείθει,
729 1386 867 1447 ἔστω,
902 1384 966 1450 μὴ
1003 1385 1249 1449 ἀμύνεσθε,
1277 1384 1463 1437 ἅπαντα
1500 1388 1615 1453 πρό-

37 1491 88 1533 51
104 1474 228 1522 εσθε.
269 1474 303 1521 εἶ
331 1470 379 1522 δὲ
405 1473 587 1535 δμηδενὶ
613 1475 750 1520 τοῦτο
788 1471 947 1531 ἴδοκεῖ,
975 1470 1244 1520 τούναντίον
1279 1468 1357 1520 “δὲ
1382 1470 1615 1536 πρόϊσμεν

101 1552 313 1617 ἅπαντες,
341 1555 411 1605 ὅτι
446 1554 546 1624 ὅσῳ
582 1552 638 1604 ἂν
663 1552 896 1605 πλειόνων
931 1553 1171 1617 Χέἀσωμεν
1198 1555 1368 1605 ἐκεῖνον
1394 1555 1665 1620 γενέσθαιῐο

99 1638 268 1705 κύριον,
295 1638 509 1708 τοσούτῳ
549 1638 863 1707 χαλεπωτέρῳ
903 1642 976 1689 καὶ
1011 1638 1300 1707 ἰσχυροτέρῳ
1335 1638 1613 1705 χρησόμεθα

97 1725 263 1792 ἐχθρῷ,
288 1728 374 1774 ποῖ
395 1722 689 1785 ἀναδυόμεθα
727 1721 756 1786 ὴ
790 1724 838 1773 τί
867 1722 1135 1786 με’λλομενς
1177 1721 1204 1786 ὴ
1231 1722 1360 1785 πότε,
1386 1721 1422 1773 ὦ
1448 1724 1611 1790 ἄνδρες

34 1808 354 1872 52-Ἀθηναΐοι,
367 1808 425 1858 τὰ
433 1809 595 1859 δέοντα
610 1813 757 1859 ποιεῖν
774 1806 1064 1871 ἐθελήσομεν
1075 1834 1084 1868 3
1107 1807 1220 1858 ὅταν
1238 1807 1291 1870 νὴ
1303 1808 1384 1858 Δί’
1402 1815 1419 1843 ³⁷
1428 1807 1609 1874 ἀνάγκη

100 1914 169 1946 τις
192 1890 238 1960 ᾗ.
278 1895 388 1943 ἀλλ’
409 1892 467 1956 ἢν
487 1892 570 1955 μὲν
591 1893 648 1943 ἄν
669 1916 737 1947 τις
756 1893 1014 1958 ἐλευθέρων
1035 1892 1296 1958 ἀνθρώπων
1315 1891 1524 1959 ἀνάγκην
1549 1894 1609 1944 ε’ί-

99 1997 192 2038 ποι,
225 1977 278 2026 οὐ
312 1975 455 2038 μόνον
487 1976 575 2040 ἤδη
609 1975 852 2041 πάρεστιν,
880 1974 1011 2025 ἀλλὰ
1041 1979 1116 2025 καὶ
1149 1975 1300 2026 πάλαι
1332 1976 1605 2042 παρελήλυ-
1624 1999 1660 2030 ¹5

99 2062 164 2120 θε,
189 2057 275 2122 τὴν
297 2059 344 2109 δὲ
369 2064 463 2109 τῶν
483 2058 666 2110 δούλων
687 2059 977 2126 ἀπεύχεσθαι
1002 2057 1178 2122 Ζδήπου
1196 2058 1260 2123 μὴ
1281 2059 1501 2124 γενέσθαι
1527 2063 1606 2111 δεῖ.

98 2143 302 2211 διαφερει
329 2142 377 2194 δὲ
402 2144 451 2193 τί
466 2165 478 2203 ;
520 2143 590 2193 ὅτι
615 2145 746 2194 ἐστὶν
777 2142 1001 2211 ἐλευθέρῳ
1036 2141 1120 2205 μὲν
1147 2143 1380 2211 ἀνθρώπῳ
1406 2144 1609 2208 μεγίστη

98 2227 275 2292 ἀνάγκη
302 2227 329 2290 ἡ
356 2225 471 2291 ὑπὲρ
505 2231 598 2277 τῶν
633 2226 948 2292 ἱιγιγνομένων
975 2226 1197 2293 αἰσχύνη,
1229 2228 1302 2276 καὶ
1329 2226 1464 2292 μείζω
1491 2227 1606 2278 ταύ-

150 2366 166 2385 e
185 2359 383 2406 λογίσηται]
407 2361 579 2406 λογίζηται
599 2362 639 2395 Α.
646 2363 681 2395 S.
715 2362 743 2394 V
747 2363 905 2408 ulgatum
927 2367 980 2395 est
999 2368 1129 2406 p.13
1113 2380 1144 2407 s,
1170 2371 1228 2406 24.
1380 2358 1395 2385 f
1411 2363 1519 2395 ποιεῖν
1537 2375 1607 2396 om.

98 2413 157 2448 S.:
187 2414 292 2448 habet
311 2412 541 2460 p.137‚26.
639 2424 656 2451 ’ὁ
680 2415 832 2461 ἑκόντας]
857 2417 974 2449 ἑκόντα
993 2414 1037 2449 Y.
1140 2411 1160 2438 h
1182 2414 1274 2460 ὑμῖν]
1300 2415 1378 2458 ἡμῖν
1398 2415 1436 2448 F.
1440 2415 1481 2449 Y.
1487 2415 1529 2449 Ο.
1535 2428 1567 2449 u.
1572 2428 1604 2450 v.

96 2478 164 2500 om.
187 2467 220 2501 S.
358 2473 366 2491 ¹
389 2467 490 2513 θεῶν]
515 2470 581 2501 τῶν
601 2469 685 2502 θεῶν
705 2468 749 2502 O.
884 2465 904 2492 k
926 2468 982 2501 ἐὰν
1004 2468 1038 2501 S.
1068 2467 1108 2501 ἂν
1126 2468 1246 2513 vulgo.
1384 2465 1394 2492 Ῑ
1415 2467 1466 2502 ἐπ’
1487 2469 1608 2504 αὐτοὺς

96 2519 195 2565 ὑμᾶς]
229 2520 283 2565 ἐφ’
306 2520 389 2563 ὑμᾶς
408 2521 528 2556 αὐτοὺς
549 2521 592 2556 Y.
623 2520 674 2555 ἐπ’
694 2522 814 2557 αὐτοὺς
844 2522 927 2565 ἡμᾶς
948 2521 1065 2555 O.u.v.
1231 2527 1257 2542 ΥΠ
1286 2521 1364 2566 μὲν]
1397 2536 1458 2565 μεν
1480 2522 1544 2566 γὰρ
1566 2522 1604 2556 F.

96 2577 115 2596 n
135 2573 231 2608 θεοὺς
250 2573 337 2607 Α.Υ.
369 2573 568 2620 Legebatur
587 2575 666 2609 τοὺς
687 2574 795 2610 θεούς.
829 2581 851 2593 “
867 2574 971 2609 Conf.
988 2586 1023 2619 p.
1043 2583 1128 2618 133,
1151 2585 1205 2607 10.
1233 2572 1319 2619 138,
1337 2575 1398 2619 3.''
1421 2574 1604 2609 SCHAEF.

95 2634 113 2650 ⁰
133 2625 242 2672 ἕνεκα]
267 2626 374 2660 ἕνεκεν
394 2626 513 2661 O.u.v.
625 2635 643 2662 Ρ
662 2629 789 2663 πάντας
809 2628 958 2671 ἕλληνιις
977 2627 1059 2660 A.S.
1090 2626 1239 2662 ἅπαντας
1259 2627 1406 2669 ἕλληνας
1426 2628 1512 2661 F.Y.
1542 2628 1602 2661 ἕλ-

93 2679 195 2722 ληνας
213 2679 360 2715 ἅπαντας
381 2679 500 2714 O.u.v.
621 2686 639 2713 q
659 2681 737 2726 μέν]
762 2679 801 2714 ἂν
822 2682 984 2715 F.O.u.v.
1007 2692 1075 2713 om.
1097 2680 1139 2712 Y.
1255 2685 1270 2704 ῐ·
1289 2679 1328 2713 ἂν
1347 2692 1417 2715 om.
1442 2680 1602 2716 F.O;u.v.

95 2769 110 2788 ³
129 2766 260 2812 μηδενὶ]
286 2767 401 2810 μηδενὶ
419 2768 480 2809 μὲν
500 2767 661 2800 Y.O.u.v.
818 2766 831 2790 t
851 2766 955 2812 δοκεῖ]
979 2765 1060 2810 μήτε
1082 2767 1174 2809 δοκῆι
1197 2766 1231 2800 S.
1389 2770 1405 2785 ¹¹
1429 2766 1482 2812 δέ]
1508 2734 1544 2798 ἐξ
1565 2768 1603 2802 F.

95 2823 110 2839 '‘
132 2819 283 2863 ἐάσωμεν
303 2819 444 2865 ἐκεῖνον]
469 2820 594 2853 ἐκεῖνον
614 2821 766 2863 ἐάσωμεν
786 2820 874 2853 A.Y.
1016 2825 1034 2852 Y
1054 2819 1178 2864 ἀνάγκη
1197 2818 1265 2864 τις]
1289 2818 1468 2864 ἀναγκαῖον
1489 2821 1525 2854 S.
1548 2821 1604 2855 hic

95 2877 129 2904 et
147 2884 181 2917 p.
207 2871 292 2917 138,
325 2881 377 2919 15.
491 2879 507 2897 Ζ
524 2873 630 2916 δήπου
649 2874 694 2916 μὴ
714 2873 872 2917 γενέσθαι
893 2885 961 2907 om.
985 2873 1019 2907 S.
1119 2882 1130 2893 ⁶
1150 2872 1373 2918 γιγνομὲνων]
1396 2874 1604 2920 πραγμάτων

95 2923 258 2960 F.O.u.v.
