1882 3250
65 182 156 221 140,
177 185 225 210 11.
610 171 752 208 ΚΑΤΑ
784 172 1060 209 ΦΙΛΙΠΠΟΥ
1090 174 1139 209 Δ.
1547 174 1631 218 149

121 280 414 349 πραγμάτων
451 281 643 332 εἰώθασι
683 284 892 348 χρῆσθαι
935 285 1002 351 τῷ
1045 281 1370 345 βουλεύεσθαι,
1416 286 1541 347 ὑμεῖς
1582 285 1630 336 δὲ
1646 308 1681 338 15

120 365 237 430 μετὰ
257 365 316 416 Τὰ
340 365 613 432 πράγμαῖα.

55 471 110 513 35
185 447 257 500 ΔΟ
302 448 360 513 δὴ
399 448 569 500 λοιπόν
609 451 725 511 ἐστι,
767 451 842 499 καὶ
886 448 1038 500 πάλαι
1075 449 1160 513 μὲν
1204 450 1307 513 ἔδει,
1351 458 1370 486 Ρ
1391 451 1628 519 διαφεύγει

120 535 157 585 δ’
199 533 302 584 οὐδὲ
341 539 435 595 νῦν,
471 535 593 584 τοῦτ’
634 535 738 599 ἐρῶ.
782 533 966 587 οὐδενὸς
1002 538 1096 584 τῶν
1134 533 1360 585 (Ῑπάντων
1391 536 1535 588 οὕτως
1566 538 1628 589 ὡς

117 616 372 684 χρημάτων
397 619 469 667 δεῖ
497 620 556 684 τῇ
590 615 727 667 πόλει
761 615 878 682 πρὸς
915 615 975 667 τὰ
1009 623 1091 667 νῦν
1124 617 1313 669 ἐπιόντα
1350 618 1622 684 πράγματα.

118 700 393 764 συμβέβηκε
455 701 493 751 δ’

51 805 106 859 35
117 784 405 853 χρησώμεθα
442 785 605 850 ὀρθῶς,
644 785 761 838 ἰ’σως
799 784 855 835 ἂν
893 785 1074 851 γένοιτο
1113 786 1173 837 τὰ
1217 787 1394 838 δέοντα.
1436 792 1626 853 πρῶτον

553 707 569 726 ¹
588 700 885 767 εὐτυχήματα
947 700 1040 752 ἀπὸ
1093 701 1399 764 ταύτομάτου,
1452 702 1517 756 οῖς
1569 703 1680 754 ὀὶν20

115 867 201 932 μὲν
225 868 332 935 γὰρ,
364 868 432 922 οῖς
469 868 700 930 βασιλεὺς
736 868 944 920 πιστεύει
981 872 1056 920 καὶ
1091 870 1331 936 εὐεργέτας
1370 872 1626 939 ὑπείληφεν

115 954 314 1016 Βἑαυτοῦ,
341 953 466 1004 οὗτοι
492 958 690 1016 μισοῦσι
721 955 796 1003 καὶ
821 958 1086 1017 πολεμοῦσι
1123 954 1390 1023 ἵΦιλίππῳ.
1433 955 1570 1006 ἔπειθ’
1599 957 1624 1006 ὁ

114 1036 334 1103 πράττων
391 1038 466 1087 καὶ
516 1035 740 1090 συνειδὼς
802 1044 823 1062 ¹¹
841 1035 1008 1087 ἅπανθ’
1073 1035 1141 1087 xc}
1203 1038 1442 1092 Φίλιππος
1504 1038 1624 1089 κατὰ
1639 1060 1676 1090 25

112 1120 352 1181 βασιλέως
405 1118 818 1185 παρασκευάζεται,
864 1120 997 1173 οὗτος
1045 1127 1063 1155 5
1080 1119 1391 1175 ἀνάσπαστος
1442 1122 1621 1187 γε’γονε,

114 1206 189 1255 καὶ
213 1202 378 1257 πάσας
415 1202 500 1257 τὰς
537 1201 733 1271 πράξεις
758 1202 988 1263 βασιλεὺς
1027 1205 1113 1270 οὐχ
1149 1204 1282 1267 ἡμῶν
1307 1205 1621 1272 κατηγορούν-

112 1310 206 1339 των
247 1288 508 1349 ἀκούσεται,
549 1286 627 1340 οὓς
666 1285 778 1352 ὑπὲρ
819 1292 901 1337 τοῦ
937 1287 1263 1355 συμφέροντος
1296 1288 1353 1339 ἂν
1387 1289 1620 1354 ἡγήσαιτο

111 1377 194 1423 τοῦ
239 1372 354 1422 ἰδίου
397 1372 564 1437 λέγειν,
604 1369 735 1422 ἀλλὰ
771 1376 854 1421 τοῦ
892 1370 1161 1439 πράξαντος
1206 1372 1348 1422 αὐτοῦ
1386 1375 1461 1423 καὶ
1502 1376 1618 1424 διοι-

48 1478 99 1521 37
113 1461 315 1518 κοῦντος,
342 1454 455 1507 ὥστ’
485 1453 598 1506 εἶναι
635 1454 810 1508 πιστὰς
847 1462 864 1480 ²
884 1454 966 1508 τὰς
1007 1456 1299 1521 κατηγορίας,
1339 1458 1414 1506 καὶ
1453 1456 1622 1508 λοιπὸν
1640 1481 1721 1520 140

115 1537 260 1605 λόγον
303 1538 416 1590 εἶναι
461 1545 556 1593 τοῖς
601 1540 709 1605 παρ’
763 1539 931 1603 ὃήμῶν
975 1539 1255 1604 πρέσβεσιν,
1298 1538 1351 1590 ὃν
1393 1540 1622 1601 βασιλεὺς

113 1622 261 1686 ἥδιστ’
292 1621 348 1673 ἂν
374 1623 586 1685 ἀκούσαι,
614 1625 675 1676 ὡς
713 1621 796 1673 τὸν
834 1621 1128 1690 ἀμφοτέρους
1165 1620 1184 1648 ¹³
1203 1623 1452 1673 ἀδικοῦντα
1491 1627 1620 1691 κοινῇ

112 1705 474 1772 τιμωρήσασθαι
501 1710 580 1768 δεῖ,
607 1709 682 1757 καὶ
715 1706 786 1757 ὅτι
824 1704 981 1756 ςπολὺ
1015 1709 1082 1775 τῷ
1120 1711 1320 1767 βασιλεῖ
1354 1707 1621 1774 φοβερώτε-

112 1813 193 1856 ρος
230 1788 249 1816 d
268 1790 366 1841 ἔσθ’
396 1791 421 1840 ὁ
448 1792 700 1853 Φίλιππος,
729 1789 786 1840 ἂν
817 1790 1092 1856 επροτέροις
1131 1791 1242 1853 ἡμῖν
1276 1788 1293 1823 f
1312 1792 1541 1854 ἐπιθῆται·
1583 1795 1649 1842 εὶ5

112 1872 206 1939 γὰρ
269 1874 713 1939 ἐγκαταλειπόμενοί
757 1896 802 1924 τι
848 1872 1111 1937 πεισόμεθα
1160 1874 1302 1938 ἡμεῖς,
1355 1876 1498 1928 ἀδεῶς
1549 1877 1620 1927 ἐπ’

9 1960 11 1962 ¹
48 1976 101 2030 38
115 1964 284 2013 ἐκεῖνον
312 1964 398 2027 ἤδη
430 1963 725 2030 πορεύσεται.
770 1962 884 2029 ὑπὲρ
919 1962 975 2027 δὴ
1009 1963 1187 2014 τούτων
1213 1963 1435 2015 ἁπάντων
1467 1963 1621 2028 ἕοἶμαι

112 2050 206 2097 δεῖν
250 2048 367 2110 ὑμᾶς
415 2048 674 2113 πρεσβείαν
717 2047 979 2111 ἐκπέμπειν,
1024 2047 1124 2111 ἥτις
1164 2051 1230 2116 τῷ
1273 2053 1473 2108 βασιλεῖ
1513 2051 1616 2099 δια-

111 2129 309 2199 λέξεται,
349 2133 425 2181 καῖ
458 2130 544 2195 τὴν
575 2131 879 2197 ᾕάβελτερίαν
919 2131 1196 2193 ἀποθέσθαι,
1237 2132 1291 2181 δι’
1332 2131 1390 2195 ἣν
1425 2132 1614 2183 πολλά·
1637 2156 1678 2178 10

110 2236 178 2267 κις
203 2214 518 2279 ἠλαττώθητε,
560 2221 586 2244 “
606 2214 657 2265 ὶὸ
685 2214 741 2278 δὴ
775 2214 1019 2281 βάρβαρος
1050 2216 1125 2265 καὶ
1161 2213 1217 2265 ¹³6
1253 2214 1404 2269 κοινὸς
1439 2214 1622 2267 ἅπασιν

163 2395 183 2422 P
203 2387 379 2435 διαφεύγει
398 2391 439 2423 A.
469 2389 667 2436 διαφεύγειν
688 2390 723 2424 S.
753 2390 908 2435 διαφέρει
930 2388 1142 2425 F.Y.O.u.v.
1255 2394 1275 2422 q
1294 2388 1446 2435 πάντων]
1464 2388 1622 2423 ἁπάντων

111 2441 195 2477 O.u.
290 2450 304 2468 Γ
324 2442 538 2488 εὐτυχήματα
556 2443 623 2477 ἀπὸ
643 2443 873 2489 ταύτομάτου]
898 2442 1069 2488 εὐτύχημα
1088 2443 1143 2476 ἀπ’
1163 2443 1354 2486 αὐτομάτου
1376 2443 1412 2477 S.
1512 2450 1525 2469 S
1546 2443 1622 2476 ἑαυ-

1234 2500 1242 2509 r

1235 2502 1258 2517 «ν

109 2531 169 2562 τοῦ
191 2529 225 2563 S.
254 2528 357 2562 αὑτοῦ
376 2530 494 2576 vulgo.
604 2528 618 2555 t
638 2530 813 2578 Φιλίππῳ]
838 2530 1012 2574 φίλιππον
1033 2530 1068 2564 S.
1098 2529 1270 2575 φιλίππωι
1290 2529 1330 2563 F.
1439 2535 1460 2554 U
1480 2528 1618 2574 ἅπανθ’]

108 2581 206 2616 πάνθ’
225 2582 433 2617 F.Y.O.u.V.
553 2589 573 2608 X
593 2581 613 2617 ἃ
632 2584 715 2618 AS.
746 2584 946 2630 Legebatur
965 2582 1043 2617 ὅσα.
1171 2588 1190 2615 Y
1209 2582 1446 2627 ἀνάσπαστος]
1470 2582 1619 2627 ἀνάρπα-

110 2648 194 2670 στος
213 2635 333 2670 O.u.v.
479 2643 495 2662 Ζ
513 2637 573 2672 τὰς
592 2636 792 2683 κατηγορίας
811 2649 879 2671 om.
901 2649 953 2682 pr.
977 2636 1012 2669 S.
1151 2642 1168 2661 ²¹
1191 2635 1282 2679 ἡμῶν
1301 2636 1383 2669 A.S.
1414 2635 1506 2679 ὑμῶν
1524 2636 1619 2681 vulg.

108 2696 126 2721 b
146 2698 341 2746 ἀδικοῦντα]
367 2698 406 2734 ἂν
425 2699 604 2734 ἀδικοῦντα
618 2701 661 2736 Y.
773 2706 789 2726 C
808 2700 916 2746 πολὺ]
943 2698 987 2733 b'v'
1014 2700 1103 2735 πολὺ
1126 2700 1160 2734 S.
1273 2696 1291 2725 ‘l
1312 2697 1404 2744 ἔσθ’]
1428 2700 1526 2732 ἕσται
1546 2699 1620 2733 Do-

106 2751 231 2786 braeus.
375 2759 390 2778 e
410 2753 604 2800 προτέροις]
628 2755 793 2800 πρότερος
815 2753 904 2789 F.O.
1054 2750 1069 2778 f
1086 2753 1239 2796 ἐπιθῆται
1262 2753 1296 2786 S.
1328 2753 1479 2796 ἐπίθηται
1500 2753 1619 2798 Vulgo.

106 2810 123 2833 g
141 2801 232 2849 οἶμαι
254 2806 290 2840 S.
321 2805 433 2850 οἴομαι
452 2808 570 2853 vulgo.
691 2804 709 2831 h
734 2806 953 2852 ἀβελτερίαν]
978 2805 1183 2852 ἀβελτηρίαν
1202 2805 1364 2841 F.O.u.v.
1475 2803 1484 2831 i
1506 2806 1542 2852 ὁ]
1568 2807 1620 2840 καὶ

203 2858 220 2886 ὁ

109 2899 153 2934 0.
184 2902 236 2935 καὶ
255 2914 325 2936 ΠΝ.
438 2900 454 2924 k
476 2904 494 2935 ὁ
515 2909 595 2937 ante
617 2904 726 2938 κοινὸς
745 2904 904 2937 additum
923 2914 966 2937 ex
988 2903 1023 2937 S.
