1930 3266
261 193 345 231 252
809 193 1236 233 ΔΗΜΟΣΘΕΝΟΎΣ
1319 191 1402 230 On.
1422 189 1605 231 XVIII.
1628 204 1669 245 p.
1689 201 1784 244 239,
1801 206 1900 231 20—
1925 198 1930 274 Ι

260 309 457 356 σασθαι·
510 305 567 374 ἐξ
605 304 669 356 ὧν
712 311 812 359 ταῖς
860 305 1124 371 παρούσαις
1173 308 1442 371 συμφοραῖς
1488 306 1530 353 οἱ
1571 301 1767 353 1ταλαί·
1788 325 1830 348 20

188 403 241 444 53
258 412 407 454 πωροι
442 389 702 456 κε’χρηνται.
758 390 782 439 ὁ
810 388 858 440 δὲ
885 389 1055 452 ταύτης
1086 390 1168 450 τῆς
1202 388 1409 440 πίστεως
1444 388 1569 455 αὐτῷ
1602 409 1770 453 συνερ-

257 471 342 537 γὸς
393 476 468 523 καὶ
520 480 548 498 ¹¹¹
566 472 926 538 συναγωνιστὴς
984 474 1058 521 καὶ
1117 472 1141 520 ὁ
1196 472 1312 536 δεῦρ’
1367 471 1662 535 ἀπαγγείλας
1717 469 1777 521 τὰ

257 559 410 623 ψευδῆ
468 559 541 606 καὶ
606 557 867 622 φενακίσας
925 557 1042 616 ὑμᾶς
1096 556 1295 604 ῃοὺτοσὶ
1354 556 1379 604 ὁ
1436 553 1496 604 τὰ
1550 555 1778 618 Θηβαίων

257 639 568 706 Οὀδυρόμενος
605 644 686 689 νῦν
719 638 848 702 πάθη
882 640 956 688 καὶ
991 637 1173 706 διεξιὼν
1206 640 1267 691 ὡς
1293 636 1467 704 οἰκτρὰ,
1494 639 1569 687 καὶ
1600 637 1779 688 τούτων

257 726 332 773 καὶ
365 728 459 773 τῶν
493 725 540 773 ἐν
569 727 788 773 Φωκεῦσι
823 727 977 773 κακῶν
1014 724 1089 772 καὶ
1129 721 1205 772 ὅσ’
1234 721 1363 771 ἄλλα
1401 720 1697 772 πεπόνθασιν
1735 725 1828 778 0225

188 803 489 868 54’Έλληνες
530 804 751 855 ἁπάντων
791 804 930 857 αὐτὸς
969 803 1032 854 ὢν
1072 804 1230 857 αἴτιος.
1285 807 1431 867 δῆλον
1467 803 1560 869 γὰρ
1600 803 1670 855 ὅτι
1714 804 1778 855 σὺ

256 890 341 951 μὲν
391 890 550 953 ἀλγεῖς
596 889 669 939 ἐπὶ
720 893 815 940 τοῖς
865 887 1242 950 συμβεβηκόσιν,
1288 888 1506 954 Αἰσχίνη,
1548 889 1624 937 καὶ
1673 886 1780 940 τοὺς

258 973 500 1036 Θηβαίους
534 973 688 1033 ἐλεεῖς,
716 969 948 1035 Ρκτήματ’
977 971 1097 1038 ἔχων
1128 973 1175 1021 ἐν
1201 975 1260 1038 τῇ
1287 972 1489 1039 Βοιωτίᾳ
1524 973 1596 1021 καὶ
1634 994 1780 1037 γεωρ-

257 1061 357 1121 γῶν
392 1055 452 1106 τὰ
491 1056 687 1117 ἐκείνων,
723 1053 815 1120 ἐγὼ
852 1054 900 1105 δὲ
935 1056 1098 1122 χαίρω,
1134 1053 1184 1108 ὃς
1221 1053 1352 1108 εὐθὺς
1390 1054 1652 1123 ἐξῃτούμην
1691 1054 1781 1106 ὑπὸ

258 1144 340 1189 τοῦ
366 1143 514 1188 ταῦτα
539 1137 825 1205 πράξαντος.
1797 1153 1876 1193 240

334 1221 496 1273 Ἀλλὰ
531 1220 623 1286 γὰρ
664 1220 945 1284 ἐμπέπτωκα
985 1224 1046 1275 εἷς
1085 1221 1273 1287 λόγους,
1307 1222 1383 1276 οὓς
1419 1223 1583 1273 αὐτίκα
1617 1226 1777 1286 (ῑμᾶλ-

258 1315 346 1358 λον
384 1306 531 1358 Γῖσως
577 1305 776 1370 ἁρμόσει
822 1306 989 1370 λε’γειν.
1052 1305 1261 1370 ἐπάνειμι
1301 1306 1356 1370 δὴ
1395 1306 1542 1357 πάλιν
1581 1309 1654 1358 ἐπὶ
1697 1306 1783 1361 τὰς

258 1389 529 1458 ἀποδείξεις,
558 1391 618 1442 ὡς
649 1388 709 1439 τὰ
739 1388 917 1439 τούτων
943 1389 1237 1454 Ξάδικήματα
1273 1395 1367 1440 τῶν
1401 1392 1499 1441 νυνὶ
1532 1389 1781 1457 παρόντων
1921 1398 1930 1452 3!

258 1473 552 1541 πραγμάτων
579 1473 769 1539 γέγονεν
795 1474 932 1523 α’ίτια.
1792 1499 1809 1530 5

192 1571 245 1615 55
333 1557 526 1622 Ἐπειδὴ
553 1556 645 1623 γὰρ
673 1557 976 1625 ἐξηπάτησθε
1012 1557 1095 1621 μὲν
1132 1559 1258 1622 ὑμεῖς
1294 1556 1384 1609 ὑπὸ
1420 1563 1503 1608 τοῦ
1537 1558 1782 1608 Φιλίππου

261 1641 336 1693 διὰ
361 1641 539 1692 τούτων
565 1645 659 1691 τῶν
685 1643 732 1691 ἐν
758 1645 857 1694 ταῖς
882 1640 1157 1706 πρεσβείαις
1192 1639 1544 1703 μισθωσάντων
1571 1639 1783 1694 ῑὲαυτοὺς

260 1728 336 1777 καὶ
375 1725 506 1776 οὐδὲν
542 1725 713 1789 ἀληθὲς
748 1726 854 1788 ὑμῖν
889 1723 1295 1790 ἀπαγγειλάντων,
1329 1723 1623 1792 ἐξηπάτηντο
1661 1723 1708 1775 δὲ
1743 1727 1784 1775 οἱ

259 1810 553 1875 ταλαίπωροι
597 1811 775 1861 Φωκεῖς
822 1810 898 1858 καὶ
946 1807 1178 1875 ἀνῄρηντο
1230 1812 1276 1858 αἱ
1325 1807 1487 1861 πόλεις
1533 1809 1698 1871 αὐτῶν,
1737 1810 1786 1859 τί

260 1893 475 1958 ἐγένετο,
533 1895 574 1942 οἱ
618 1890 703 1955 μὲν
742 1890 1065 1942 κατάπτυστοι
1104 1894 1339 1943 Θετταλοὶ
1384 1895 1460 1942 καὶ
1503 1893 1834 1956 ἀναίσθητοιιο

263 1980 469 2041 Θηβαῖοι
495 1976 654 2043 φίλον,
675 1975 933 2041 εὐεργέτην,
959 1979 1154 2042 σωτῆρα
1179 1975 1262 2026 τὸν
1289 1976 1534 2026 Φίλιππον
1559 1976 1778 2041 ἡγοῦντο·

261 2059 396 2112 πάντ’
437 2062 606 2113 ἐκεῖνος
642 2058 738 2123 “ἧν
775 2061 944 2113 αὐτοῖς·
991 2059 1133 2110 Χούδὲ
1171 2059 1335 2128 φωνὴν
1375 2058 1558 2123 ἤκουον,
1597 2059 1675 2110 Ῡεῖ
1713 2082 1783 2113 τις

262 2145 392 2195 ἄλλο
417 2165 462 2194 τι
487 2143 712 2203 βούλοιτο
739 2142 907 2208 λέγειν.
960 2145 1085 2207 ὑμεῖς
1112 2142 1160 2194 δὲ
1187 2145 1480 2212 ὑφορώμενοι
1514 2142 1574 2193 τὰ
1603 2166 1783 2210 πεπραι

262 2227 412 2294 γμένα
439 2229 513 2278 καὶ
540 2227 924 2294 δυσχεραίνοντες
949 2227 1084 2293 ἤγετε
1110 2226 1195 2291 τὴν
1222 2227 1405 2294 εἰρήνην
1432 2227 1570 2291 ὅμως·
1610 2228 1663 2278 οὐ
1688 2226 1781 2293 γὰρ
1800 2255 1833 2287 ¹5

194 2312 377 2378 56ἧν“
353 2336 377 2363 ο
411 2336 455 2363 τι
491 2310 597 2362 ἂνΖ
614 2314 822 2363 ἐποιεῖτε.
884 2315 959 2362 καὶ
994 2335 1036 2363 οι
1070 2312 1212 2363 ἄλλοι
1248 2311 1298 2363 δε
1327 2312 1581 2404 ἶΕλληνες,
1613 2312 1784 2376 ὁμοίως

264 2398 370 2461 ὑμῖν
394 2395 790 2464 πεφενακισμενοι
823 2418 899 2446 και
930 2394 1291 2462 διημαρτηκότες
1319 2393 1382 2445 ὡν
1410 2394 1640 2459 ἠλπισαν,
1668 2395 1784 2462 ἦγον

318 2563 329 2590 Ῑ
352 2565 561 2611 ταλαίπωροι
580 2565 758 2611 κέχρηνται
779 2565 814 2599 S.
849 2565 1058 2611 ταλαίπωροι
1078 2566 1255 2610 κέχρηνται
1275 2565 1410 2608 θηβαῖοι
1428 2565 1543 2600 A.k.s.
1572 2565 1783 2611 ταλαίπωροι

265 2620 401 2664 θηβαῖοι
421 2620 598 2665 κέχρηνται
617 2619 737 2664 vulgo.
837 2624 867 2643 m
888 2618 1162 2665 συναγωνιστὴς]
1189 2618 1457 2664 συναγωνισθεὶς
1477 2618 1521 2653 Ο.
1623 2624 1641 2643 Π
1661 2619 1783 2652 οὑτοσὶ

263 2686 316 2720 pr.
339 2673 373 2707 S.
410 2673 611 2718 Legebatur
630 2671 729 2707 οὗτός
748 2671 856 2712 ἐστιν,
878 2673 974 2718 quod
993 2684 1013 2706 a
1032 2684 1078 2707 m.
1101 2685 1168 2706 sec.
1189 2672 1295 2706 habet
1317 2672 1352 2706 S.
1441 2677 1459 2696 0
1480 2671 1682 2717 ὀδυρόμενος
1701 2671 1777 2718 νῦν]

265 2728 324 2761 νῦν
343 2726 548 2772 ὀδυρόμενος
566 2727 677 2760 A.k.S.
831 2730 847 2753 Ρ
867 2725 1023 2771 κτήματ’]
1049 2725 1143 2769 κτῆμ’
1166 2726 1202 2760 S.
1342 2733 1360 2760 (Ι
1380 2725 1532 2771 μᾶλλον]
1554 2726 1644 2769 μάλα
1664 2726 1781 2760 A.k.s.

265 2785 281 2805 Υ
299 2779 384 2815 ἴσως
403 2785 484 2825 post
502 2781 616 2825 λέγειν
634 2785 774 2825 ponunt
793 2791 861 2825 o.q.
963 2785 977 2804 S
997 2778 1199 2825 ἀδικήματα]
1224 2777 1484 2824 δωροδοκήματα
1503 2791 1569 2824 ps.
1597 2778 1783 2823 ἀδικήματα

265 2834 319 2867 καὶ
339 2834 599 2878 δωροδοκήματα
618 2833 732 2867 A.k.S.
747 2839 781 2867 et
795 2847 850 2878 γρ.
870 2833 906 2867 S.
934 2832 1196 2878 δωροδοκήματα
1216 2833 1268 2866 καὶ
1286 2831 1471 2875 ἀδικήματα
1492 2832 1781 2871 F.Y.Q.O.t.u.v.

265 2885 281 2911 t
300 2885 455 2931 ἑαυτοὺς]
478 2887 617 2922 ἑαυτοὺς
635 2889 682 2934 τῷ
700 2886 860 2934 φιλίππῳ
880 2886 1227 2932 F.S.Y.O.p.r.t.u.v.
1326 2891 1347 2910 ¹²
1367 2884 1406 2929 ἣν
1426 2897 1495 2920 om.
1515 2891 1543 2920 t.
1642 2891 1663 2910 Χ
1682 2885 1778 2931 οὐδὲ]

267 2940 320 2973 καὶ
340 2940 417 2974 οὐδὲ
438 2939 795 2986 F.Y.Q.O.p.r.t.u.v.
918 2946 936 2973 y
956 2938 1072 2985 εἴτις]
1095 2939 1114 2984 ἢ
1133 2938 1186 2975 τίς
1203 2940 1247 2974 Α.
1359 2944 1376 2964 2
1398 2938 1558 2985 ἐποιεῖτε]
1583 2939 1784 2985 Legebatur

268 2992 412 3026 ἐποιεῖτε
431 2994 538 3037 μόνοι.
575 2995 672 3037 μόνοι
692 3006 762 3028 om.
782 2993 866 3028 A.S.
887 2999 922 3028 et
942 3006 994 3040 pr.
1017 2993 1053 3028 k.
1075 2993 1111 3028 in
1129 3007 1183 3039 γρ.
1207 2993 1313 3027 habet
1333 3005 1359 3027 s,
