1882 3250
28 207 92 254 81,
113 223 163 247 11.
593 206 718 243 ΠΕΡΙ
751 205 1107 242 ΑΛΟΝΝΗΣΟΎ.
1549 203 1603 243 8’7

7 310 13 369 ἶ
90 321 388 385 στρατηγῶν,
426 315 558 367 ἀλλὰ
601 319 677 367 καὶ
720 315 804 369 τὰς
842 315 996 368 ἄλλας
1042 313 1214 377 νήσους
1255 313 1603 376 οἰκειώσασθαι,
1622 336 1656 366 ¹5

8 446 13 474 ἵ
92 400 389 464 συμπέμπων
420 399 527 454 τοὺς
560 407 574 427 ⁹
592 399 1046 464 συμπλευσομένους
1084 397 1202 459 μετὰ
1235 398 1358 447 ἰτῶν
1391 419 1603 462 στρατη-

91 490 190 552 γῶν
215 488 309 535 τῶν
337 484 565 550 ὑμετέρων
592 486 653 537 ὡς
687 482 1058 547 κοινωνήσοντας
1094 484 1177 545 τῆς
1212 480 1330 531 κατὰ
1366 479 1608 530 θάλατταν

33 579 83 619 16
94 570 325 638 φυλακῆς.
390 569 537 618 καίτοι
577 569 635 618 οὔ
669 567 798 634 φασί
838 588 958 619 τινες
996 564 1138 615 αὑτὸν
1174 567 1488 630 προσδεῖσθαι
1527 566 1609 626 τῆς

95 649 346 714 θαλάττης.
409 651 434 700 ὁ
474 651 511 700 δ’
550 649 680 700 οὐδὲν
719 649 932 712 δεόμενος
969 647 1166 715 τριήρεις
1205 645 1607 710 κατασκευάζεται,

93 737 168 786 καὶ
215 735 490 786 νεωσοίκους
535 736 853 795 οἰκοδομεῖται,
899 736 973 782 καὶ
1023 730 1324 784 ἀποστόλους
1368 728 1609 780 ἁποστὲλ-
1623 754 1664 775 20

94 828 195 871 λειν
228 818 452 880 βούλεται
491 820 565 868 καὶ
604 816 814 870 δαπάνας
853 818 906 867 οὐ
944 815 1112 883 μικρὰς
1151 819 1365 867 δαπανᾶν
1403 819 1465 868 εἰς
1503 812 1611 869 τοὺς

97 901 215 955 κατὰ
241 902 483 953 θάλατταν
510 900 760 962 κινδύνους,
788 898 852 950 ῶν
878 901 1009 950 οὐδὲν
1034 904 1256 968 προτιμᾷ.

673 984 727 1011 xv&

9 974 82 1056 *17
169 987 314 1037 Ταῦτ’
342 987 454 1036 u0131)
489 985 637 1036 οἴεσθ’
701 1008 772 1047 αν,
807 982 844 1034 ὦ
882 986 1044 1050 ἄνδρες
1081 984 1338 1049 Ἀθηναῖοι,
1367 985 1614 1037 Φίλιππον

10 1091 13 1105 .

10 1113 14 1175 Ι

11 1194 15 1242 ἰ

0 1078 2 1095 1

95 1073 299 1140 ἀξιῶσαι
338 1071 455 1133 ὑμᾶς
488 1072 803 1136 συγχωρῆσαι
841 1069 980 1137 αὐτῷ,
1012 1072 1049 1118 εὶ
1086 1068 1151 1132 μὴ
1187 1069 1316 1131 ὑμῶν
1351 1068 1435 1132 μὲν
1472 1092 1609 1121 κατε-

96 1153 271 1225 φρόνει,
306 1153 384 1207 οῧς
421 1154 459 1202 δ’
490 1152 650 1204 ἐνθάδε
688 1151 950 1220 προῄρηται
990 1153 1161 1221 φίλους
1199 1155 1466 1215 κεκτῆσθαι,
1498 1152 1606 1203 τού·
1627 1174 1665 1205 25

96 1261 192 1292 τοις
233 1239 551 1297 διεπίστευενς
605 1236 647 1287 οἳ
699 1237 781 1286 οὐκ
825 1235 1131 1303 αἰσχύνονται
1177 1237 1403 1304 Φιλίππῳ
1449 1237 1613 1303 ζῶντες

97 1323 201 1372 Ῡκαῖ
237 1322 289 1372 οὐ
325 1325 381 1389 τῇ
415 1322 600 1371 Ζαὺτῶν
636 1320 838 1386 πατρίδι,
871 1321 947 1370 καὶ
982 1318 1065 1373 τὰς·
1098 1320 1206 1385 παρ’
1235 1320 1407 1370 ἐκείνου
1441 1319 1615 1386 δωρεὰς

98 1404 422 1470 λαμβάνοντες
474 1405 648 1456 οἴονται
706 1404 858 1455 οἴκαδε
910 1402 1186 1466 λαμβάνειν,
1238 1402 1298 1453 τὰ
1347 1403 1463 1454 οἴκοι
1517 1427 1616 1455 πω-

102 1496 307 1543 λοῦντες.

42 1581 89 1621 18
177 1575 294 1639 Περὶ
334 1572 382 1624 δὲ
426 1576 541 1636 ειτῆς
586 1571 779 1639 εἰρήνης,
818 1571 876 1636 ἢν
915 1572 1087 1622 ε”δοσαν
1124 1569 1270 1635 ϋὴμΐν
1307 1575 1350 1622 οἱ
1392 1571 1616 1638 πρέσβεις
1631 1582 1679 1622 81

102 1661 144 1708 οἱ
186 1658 295 1723 παρ’
338 1657 510 1708 ἐκείνου
551 1657 844 1725 πεμφθέντες
888 1654 1329 1721 ἐπανορθώσασθαι,
1370 1655 1441 1706 ὅτι
1479 1658 1618 1721 ἐπην-

101 1739 439 1808 ωρθωσάμεθα,
504 1739 529 1791 ὃ
591 1739 721 1805 παρὰ
779 1744 930 1790 πᾶσιν
992 1738 1255 1805 ἀνθρώποις
1318 1740 1618 1806 ὁμολογεῖται

0 1541 7 1874 —ffi——ss—-v-v
0 1463 4 1530 „—

14 1823 18 1883 ἱ
102 1826 276 1876 δίκαιον
318 1823 444 1887 εἶναι,
491 1825 731 1889 ἑκατέρους
777 1823 929 1891 οἔχειν
978 1822 1038 1873 τὰ
1089 1825 1276 1884 ἑαυτῶν,
1322 1826 1622 1891 ἀμφισβητεῖ

101 1909 165 1974 μὴ
204 1911 447 1960 δεδωκέναι
491 1908 606 1974 μηδὲ
648 1907 755 1962 τοὺς
797 1908 1023 1973 πρέσβεις
1060 1912 1191 1958 ταῦτ’
1230 1908 1456 1973 εἰρηκέναι
1498 1907 1646 1973 πρὸς5

104 1995 232 2058 ὑμᾶς,
272 1993 402 2045 οὐδὲν
441 1991 581 2043 ἀάλΧ
624 1992 652 2057 ἢ
691 1993 1000 2055 πεπεισμένος
1039 1991 1127 2043 ὑπὸ
1166 1991 1355 2054 τούτων,
1391 1991 1457 2046 οἷς
1495 1997 1613 2060 χρῆ·

104 2100 179 2128 ται
224 2079 394 2146 φίλοις,
440 2080 499 2130 ὡς
548 2078 674 2140 ὑμεῖς
721 2077 774 2126 οὐ
823 2077 1129 2139 μνημονεύετε
1180 2075 1239 2126 τὰ
1283 2078 1331 2126 ἐν
1374 2080 1440 2146 τῷ
1487 2076 1619 2147 δήμῳ

48 2161 332 2228 19εἶρημένα.
386 2160 531 2224 μόνον
558 2160 605 2211 δὲ
632 2166 769 2210 τοῦτο
803 2161 890 2227 οὐχ
924 2159 1021 2210 οἷόν
1054 2183 1102 2210 τε
1138 2162 1271 2223 Εὑμῖν
1303 2163 1433 2211 ἐστιν
1464 2163 1613 2226 ἀμνη-

105 2249 347 2309 μονῆσαι·Ι
386 2247 434 2295 ἐν
479 2244 573 2311 γὰρ
618 2248 676 2312 τῇ
726 2245 843 2312 αὐτῇ
895 2246 1126 2313 ἐκκλησίᾳ
1175 2249 1250 2295 καὶ
1302 2249 1344 2296 οἱ
1393 2246 1620 2312 πρέσβεις

105 2334 149 2381 οὶ
181 2331 288 2396 παρ’
317 2329 489 2380 ἐκείνου
520 2330 708 2394 ἥκοντες
734 2328 861 2392 ῑὺμῖν
887 2329 1154 2394 διελέγοντο
1184 2331 1260 2380 καὶ
1294 2329 1348 2379 τὸ
1381 2328 1673 2398 ψήφισμαιο

778 2414 790 2430 Ι

108 2412 303 2482 ἐγράφη,
336 2413 453 2464 ὥστ’
485 2414 572 2481 οὐχ
605 2412 703 2464 οἷόν
736 2437 783 2464 τε
824 2422 844 2449 g
856 2416 959 2465 ἐστι
997 2417 1287 2482 παραχρῆμα
1326 2420 1421 2466 τῶν
1459 2414 1620 2481 λόγων

164 2592 178 2612 ³
202 2587 543 2633 συμπλευσομένους]
568 2589 823 2632 πλευσομένους
843 2589 882 2622 F.
1006 2586 1021 2612 t
1039 2590 1106 2622 τῶν
1126 2591 1326 2633 στρατηγῶν
1345 2590 1412 2622 τῶν
1432 2587 1616 2635 ὑμετέρων]

508 2638 516 2648 ‹

110 2677 176 2708 τῶν
195 2678 395 2721 στρατηγῶν
417 2678 484 2709 τῶν
502 2651 672 2721 Ξμετέρων
692 2676 732 2710 F.
771 2678 839 2709 τῶν
866 2676 1034 2721 ὑμετέρων
1057 2677 1258 2721 στρατηγῶν
1277 2675 1320 2709 Y.
1362 2678 1429 2709 τῶν
1452 2675 1623 2721 ἡμετέρων

112 2732 308 2774 στρατηγῶν
330 2730 365 2763 S.
503 2735 524 2753 ¹¹
544 2727 602 2762 οὖν
622 2741 691 2762 om.
715 2730 749 2762 S.
889 2735 908 2753 Χ
927 2727 967 2762 ἂν
986 2735 1066 2774 post
1085 2729 1230 2773 ἀξιῶσαι
1250 2735 1388 2774 ponunt
1407 2729 1621 2764 A.F.O.u.V.

111 2786 131 2813 Y
149 2782 201 2814 καὶ
220 2793 287 2816 om.
308 2795 342 2816 u.
458 2788 475 2806 Ζ
496 2782 606 2816 αὑτῶν
627 2782 662 2816 S.
692 2783 819 2816 ἑαυτῶν
838 2783 955 2827 vulgo.
1078 2788 1096 2807 a
1115 2783 1174 2825 τῆς
1194 2781 1322 2827 εἰρήνης
1344 2782 1378 2816 S.
1423 2782 1622 2828 Legebatur

22 2827 24 2884 ὲ
111 2834 169 2877 τῆς
187 2834 448 2880 ἐπανορθώσεως
466 2837 526 2879 τῆς
544 2834 685 2881 εἷρὴνης.
797 2832 816 2860 b
837 2835 931 2881 ἡμῖν]
959 2836 1034 2879 ὑμῖν
1055 2835 1098 2870 O.
1210 2840 1225 2859 C
1245 2836 1335 2879 ἔχειν
1355 2836 1396 2869 τὰ
1416 2835 1558 2880 ἑαυτῶν]
1581 2837 1623 2870 τὰ

22 2896 25 2917 r
113 2887 235 2921 ἑαυτῶν
253 2889 343 2933 ἔχειν
363 2889 527 2924 F.O.u.V.
617 2885 635 2913 d
655 2888 732 2922 ἀλλ’
756 2889 789 2922 S.
821 2888 911 2922 ἄλλο
931 2890 1049 2934 vulgo.
1134 2894 1149 2913 e
1172 2889 1248 2931 ὑμῖν
1268 2889 1363 2922 ἐστὶν
1382 2889 1510 2924 A.S.Y.
1556 2890 1622 2924 Le—

114 2940 258 2985 gebatur
277 2943 373 2976 ἐστιν
392 2942 480 2986 ὑμῖν.
591 2938 607 2966 f
625 2942 699 2986 ὑμῖν
719 2943 785 2976 hoc
804 2943 882 2976 loco
902 2943 1032 2977 A.S.Y.
1078 2942 1277 2988 Legebatur
1297 2948 1377 2988 post
1396 2944 1427 2977 οἱ
1446 2944 1621 2989 πρέσβεις.

115 2997 135 3026 ἕ
154 2993 226 3028 ἐστι
247 3007 315 3029 om.
338 2996 374 3030 S.
