1930 3266
192 508 272 561 238

191 918 272 960 239

193 1415 275 1454 240

198 1921 272 1960 241

1881 0 1928 191 2

285 190 371 230 304«
848 195 1278 234 ΔΗΜΟΣΘΕΝΟΤΣ
1340 192 1423 233 On.
1443 192 1628 233 XVIII.
1650 205 1691 247 p.
1712 203 1809 246 290,
1829 193 1928 381 ιιι-ἶ

342 306 497 356 ρεῖσθαι
518 303 681 354 ἀνάξιον
702 304 802 345 εἶναι
823 306 886 345 καὶ
908 307 975 355 τῆς
1004 308 1082 344 τῶν
1105 303 1339 354 ΓΕλλήνων
1360 304 1473 355 δόξης
1504 306 1567 345 καὶ
1597 307 1695 354 ιζτῆς
1725 309 1802 345 τῶν

342 372 548 422 προγόνων
570 372 720 423 ἀρετῆς.
754 372 811 411 ἔτι
836 370 900 411 1δὲ
922 372 1010 411 οὐδὲ
1034 372 1245 422 ἀλλότριον
1266 373 1417 423 ἡγεῖται
1439 380 1471 399 ¹¹¹
1490 371 1589 412 εἶναι
1610 380 1629 399 ¹¹
1645 373 1665 411 ὁ
1686 371 1802 422 Ἀθη·
1816 386 1857 408 20

345 439 466 479 ναίων
488 442 604 490 δῆμος
626 439 693 479 τὸν
717 439 910 489 Θηβαίων
932 441 1053 488 δῆμον
1075 439 1163 478 οὔτε
1183 439 1229 493 τῇ
1251 440 1462 492 συγγενείᾳ
1490 439 1578 479 οὔτε
1609 439 1661 492 τῷ
1687 440 1805 490 Οὸμο-

345 506 469 559 φύλῳ.
503 505 837 556 ἀναμιμνήσκεται
865 506 907 545 δὲ
935 506 995 545 καὶ
1021 507 1090 547 τὰς
1120 509 1229 545 Ρτῶν
1257 507 1463 558 προγόνων
1483 510 1560 546 τῶν
1581 508 1719 546 ἑαυτοῦ
1750 508 1805 549 εἷς

343 573 431 614 τοὺς
452 574 646 623 Θηβαίων
676 574 894 624 προγόνους
925 581 943 609 q
961 572 1199 625 εὐεργεσίας·
1234 573 1296 613 καὶ
1325 576 1399 625 γὰρ
1440 574 1529 616 τοὺς
1557 573 1805 625 (Ηρακλέους

342 643 486 681 παῖδας
517 639 906 690 Γάποστερουμένους
933 639 1008 680 ὑπὸ
1036 642 1405 690 ΞΠελοποννησίων
1436 643 1501 691 τῆς
1531 639 1710 696 πατρῴας
1739 642 1804 693 ἆρ-
1818 654 1855 687 25

343 709 416 759 χῆς
447 706 682 759 κατήγαγον,
705 710 785 748 τοῖς
813 707 951 749 ὅπλοις
983 707 1243 759 κρατήσαντες
1275 708 1364 750 τοὺς
1394 709 1639 758 ἀντιβαίνειν
1664 725 1804 759 πειρω-

343 774 486 824 μένους
520 778 601 816 τοῖς
639 772 887 825 Ἡρακλέους
918 775 1135 826 ῐέκγόνοις,
1178 775 1240 815 καὶ
1279 775 1348 815 τὸν
1384 776 1575 815 Οἰδίπουν
1616 776 1678 815 καὶ
1717 775 1806 817 τοὺς

1918 761 1923 775 .

343 858 415 893 μετ
495 859 644 882 εκεινου
679 859 920 884 εκπεσοντας
950 841 1234 893 υπεδεξαμεθα,
1269 860 1330 883 και
1366 851 1515 895 Χετερα
1549 847 1683 883 πολλα
1714 859 1806 894 ημιν
1918 858 1922 877 ·

344 908 545 962 Υὺπάρχει
577 908 839 960 φιλάνθρωπα
875 910 938 949 καὶ
970 909 1108 959 ἔνδοξα
1139 909 1237 961 πρὸς
1266 910 1483 960 Θηβαίους·
1516 910 1685 962 Ζδιόπερ
1716 910 1805 950 οὐδὲ
1821 923 1896 967 291

345 979 415 1018 νῦν
447 976 715 1027 ἀποστήσεται
743 979 764 1017 ὁ
790 976 1012 1028 Ἀθηναίων
1042 980 1158 1029 δῆμος
1191 982 1268 1018 τῶν
1297 979 1494 1028 Θηβαίοις
1529 995 1570 1019 τε
1605 978 1666 1018 καὶ
1698 982 1807 1021 ἢτοῖς

344 1045 484 1087 ἄλλοις
512 1044 691 1095 ’Έλλησι
721 1045 1018 1096 συμφερόντων.
1051 1047 1268 1086 συνθέσθαι
1304 1047 1346 1086 δὲ
1378 1046 1475 1097 πρὸς
1507 1046 1645 1088 αὐτοὺς
1676 1045 1805 1097 ι’συμ-

343 1114 493 1166 μαχίαν
525 1112 587 1153 καὶ
618 1113 831 1165 ἐπιγαμίαν
860 1112 1104 1163 ποιήσασθαι
1133 1114 1195 1153 καὶ
1222 1114 1358 1165 ὅρκους
1390 1117 1524 1154 δοῦναι
1551 1114 1613 1154 καὶ
1643 1118 1864 1164 λαβεῖνμῧι

343 1182 535 1233 πρέσβεις
557 1180 814 1232 Δημοσθένης
837 1180 1118 1231 Δημοσθένους
1134 1181 1360 1227 Παιανιεὺς,
1383 1180 1633 1233 ἐ’Ὑπερείδης
1655 1181 1807 1221 Κλεάν-

345 1253 436 1301 δρου
466 1248 676 1301 Σφήττιος,
709 1249 976 1299 Μνησιθείδης
1005 1247 1269 1300 Ἀντιφάνους
1301 1247 1527 1300 Φρεάρριος,
1553 1247 1807 1300 Δημοκράτης

345 1317 532 1369 Σωφίλου
554 1316 722 1365 Φλυεὺς,
745 1315 1057 1369 ἀΚάλλαισχρος
1079 1316 1266 1367 Διοτίμου
1289 1317 1521 1366 Κοθωκίδης.

363 1397 496 1460 Αὕτη
530 1400 625 1446 τῶν
660 1397 764 1462 περὶ
790 1394 960 1458 Θήβας
999 1394 1212 1460 Εέγένετο
1245 1393 1540 1460 πραγμάτων
1572 1393 1694 1461 ἀρχὴ
1731 1396 1808 1445 καὶ

289 1480 584 1534 κατάστασις
622 1479 801 1546 πρώτη,
829 1478 888 1530 τὰ
925 1478 1020 1546 πρὸ
1053 1477 1231 1529 τούτων
1260 1482 1321 1532 εἷς
1348 1478 1522 1545 ἔχθραν
1555 1481 1632 1529 καὶ
1667 1483 1808 1542 μῖσος
1827 1503 1864 1525 10

289 1567 367 1616 καὶ
392 1564 619 1616 ἀπιστίαν
649 1568 744 1614 τῶν
778 1561 967 1615 πόλεων
1002 1562 1280 1628 ὑπηγμένων
1316 1561 1406 1613 ὑπὸ
1433 1561 1628 1612 τούτων.
1671 1567 1810 1612 τοῦτο

288 1647 344 1699 τὸ
370 1646 611 1716 ψήφισμα
635 1646 719 1698 τὸν
744 1645 850 1698 τότε
874 1650 933 1715 τῇ
959 1646 1100 1698 πόλει
1124 1645 1417 1712 περιστάντα
1443 1647 1656 1696 κίνδυνον
1681 1668 1806 1711 παρ-

1320 1729 1334 1757 f

290 1737 444 1784 ελθεῖν
470 1732 691 1796 ἐποίησεν
717 1730 881 1798 ὥσπερ
918 1731 1075 1799 νέφος.
1119 1730 1176 1795 ἧν
1201 1729 1286 1794 μὲν
1344 1731 1500 1781 τοίνυν
1526 1735 1609 1781 τοῦ
1636 1730 1814 1780 δικαίου

289 1817 489 1869 πολίτου
527 1815 634 1867 τότε
675 1815 823 1884 δεῖξαι
855 1820 1019 1877 πᾶσιν,
1059 1815 1102 1865 εἴ
1141 1838 1186 1866 τι
1226 1813 1406 1865 τούτων
1445 1811 1566 1881 εἶχεν
1611 1813 1811 1877 ἄμεινον,
1829 1841 1864 1874 15

291 1910 311 1938 g
326 1900 391 1965 μὴ
425 1906 508 1951 νῦν
545 1901 777 1964 ἐπιτιμᾶν.
821 1900 846 1950 ὁ
881 1899 976 1966 γὰρ
1011 1899 1290 1963 σύμβουλος
1328 1900 1404 1949 καὶ
1440 1899 1465 1948 ὁ
1495 1897 1813 1966 συκοφάντης,

292 1983 425 2035 Βούδὲ
450 1989 545 2035 τῶν
572 1984 739 2034 ἄλλων
775 1982 925 2034 ἰούδὲν
960 1982 1170 2045 ἐοικότες,
1197 1984 1246 2033 ἐν
1271 1982 1421 2051 τούτῳ
1459 1987 1693 2033 πλεῖστον
1719 1983 1808 2031 ἀλ-

292 2068 461 2134 λήλων
487 2067 807 2136 διαφέρουσιν·
849 2068 874 2117 ὁ
900 2065 922 2093 k
930 2066 1015 2130 μέν
1041 2088 1097 2132 γε
1126 2065 1220 2132 πρὸ
1245 2071 1339 2117 τῶν
1364 2064 1659 2132 πραγμάτων
1683 2065 1809 2131 γνώ-

1088 2148 1099 2177 1

291 2176 386 2218 μην
412 2152 737 2220 ἀποφαίνεται,
765 2152 841 2202 καὶ
868 2151 1063 2202 δίδωσιν
1109 2149 1274 2201 ἑαυτὸν
1302 2149 1560 2202 ὑπεύθυνον
1584 2154 1681 2204 τοῖς
1705 2172 1810 2201 πει-

343 2338 355 2375 j
375 2340 568 2388 Ἑλλήνων]
593 2343 772 2388 προγόνων
792 2341 1161 2387 F.S.Y.Q.O.p.r.t.u.
1285 2337 1303 2365 k
1326 2341 1385 2384 τῆς
1403 2343 1470 2374 τῶν
1489 2339 1666 2387 προγόνων
1685 2352 1754 2375 om.
1775 2353 1812 2387 p.

292 2392 303 2420 l
323 2395 359 2429 δέ
380 2407 449 2430 om.
470 2407 499 2430 r.
626 2401 656 2420 m
677 2392 761 2429 εἶναι
780 2407 850 2429 om.
871 2407 905 2440 p.
1036 2400 1056 2419 n
1076 2396 1093 2428 ὁ
1115 2407 1136 2429 a
1154 2406 1201 2428 m.
1223 2406 1291 2428 sec.
1315 2394 1350 2428 S.
1480 2399 1499 2419 ⁰
1519 2393 1704 2440 ὁμοφύλῳ]
1730 2395 1811 2438 ὁμο-

293 2447 420 2495 φύλλῳ
441 2448 523 2483 O.u.
681 2454 700 2482 P
719 2452 787 2482 τῶν
806 2450 985 2494 προγόνων
1004 2460 1074 2482 om.
1095 2460 1131 2493 p.
1289 2453 1308 2480 q
1328 2447 1540 2494 εὐεργεσίας]
1568 2447 1760 2493 ἐλευθερίας
1780 2460 1814 2482 u.

293 2507 310 2527 Υ
328 2501 663 2547 ἀποστερουμένους]
688 2501 984 2547 ἀποστερομένους
1003 2513 1032 2536 r.
1156 2507 1169 2526 S
1186 2500 1492 2546 Πελοποννησίων]
1517 2504 1583 2534 τῶν
1602 2503 1813 2544 πελοποννη-

295 2555 381 2589 σίων
399 2556 497 2590 k.s.t.
622 2553 636 2580 t
655 2555 805 2600 ἐκγόνοις
826 2555 936 2600 Y-p.r.
967 2555 1169 2600 Legebatur
1189 2554 1353 2599 ἐγγόνοις.
1483 2559 1504 2578 ¹1
1523 2552 1668 2600 ἐκείνου]
1692 2555 1817 2588 ἐκεῖνον

294 2620 369 2644 u.v.
470 2614 490 2633 Χ
511 2608 624 2654 ἕτερα]
650 2608 733 2654 ἕτερ’
753 2607 795 2642 ἂν
814 2608 887 2642 Y.1·.
998 2615 1017 2644 y
1040 2607 1200 2653 ὑπάρχει]
1228 2607 1362 2653 ὑπάρχῃ
1383 2620 1412 2642 r.
1515 2612 1533 2632 Ζ
1553 2608 1686 2653 διόπερ]
1710 2608 1763 2642 διὸ
1782 2619 1815 2642 v.

295 2667 315 2687 θ’
333 2663 404 2697 τοῖς
424 2662 583 2696 additum
603 2674 647 2696 ex
667 2674 701 2707 p.
860 2659 878 2686 b
899 2661 1114 2707 συμμαχίαν]
1141 2661 1341 2707 Legebatm·
1361 2662 1413 2694 καὶ
1433 2660 1641 2705 συμμαχίαν.
1671 2662 1725 2695 καὶ
1744 2673 1814 2695 om.

293 2715 445 2761 August.
467 2720 612 2761 quartus
633 2716 727 2761 apud
747 2715 943 2749 Reiskium.
1081 2719 1094 2735 ⁰
1116 2714 1290 2759 ὑπερείδης
1313 2715 1349 2748 S.
1385 2714 1608 2748 Scribebatur
1626 2713 1814 2760 Ὑπερίδης.

295 2764 315 2793 d
334 2769 600 2815 Κάλλαισχρος]
626 2770 836 2812 κάλαισχρος
856 2768 940 2803 O.u.
1096 2773 1113 2793 θ
1142 2767 1293 2813 ἐγένετο]
1328 2767 1480 2813 ἐγίγνετο
1501 2768 1658 2806 Y.Q.r.s.
1688 2766 1818 2813 ἐγίνετο

295 2822 380 2856 A.S.
494 2819 509 2846 f
526 2820 657 2868 τοίνυν]
682 2823 761 2856 τότε
780 2823 817 2856 k.
931 2830 951 2857 g
972 2821 1047 2866 νῦν]
1073 2821 1187 2855 τοίνυν
1206 2821 1320 2854 A.k.S.
1444 2820 1458 2841 ¹¹
1479 2821 1557 2855 οὐδὲ
1579 2821 1614 2855 S.
1644 2822 1755 2855 οὐδενὶ
1773 2822 1816 2856 A.

295 2875 395 2910 k.1·.s.
417 2880 452 2909 et
471 2890 529 2921 γρ.
553 2875 587 2909 S.
618 2876 653 2909 ἐν
672 2875 784 2909 οὐδενὶ
803 2876 921 2921 vulgo.
1033 2871 1042 2899 i
1066 2875 1165 2908 οὐδέν
1184 2886 1254 2908 om.
1278 2874 1398 2909 O.u.v.
1420 2880 1456 2909 et
1475 2886 1543 2909 rec.
1567 2874 1603 2909 S.
1717 2871 1737 2899 k
1757 2873 1819 2918 μέν

295 2942 336 2973 γε
358 2928 394 2962 S.
423 2929 485 2972 μὲν
503 2928 570 2974 γὰρ
588 2929 708 2974 vulgo.
819 2926 829 2953 Ῑ
850 2929 968 2962 ἑαυτὸν
989 2928 1024 2961 S.
1053 2928 1156 2962 αὑτὸν
1174 2928 1292 2973 vulgO.
