1882 3250
0 198 157 250 }-69‚23.
566 194 715 235 ΚΑΤΑ
747 196 1023 234 ΦΙΛΙΠΠΟΥ
1054 198 1096 233 Β.
1544 196 1597 236 75

0 305 291 374 ,Μ’Έλλησι
337 307 677 374 σκεψομένους.
722 307 860 370 ἡγεῖτ’
910 306 1004 365 οὖν,
1049 309 1086 354 εἱ
1136 305 1221 367 μὲν
1272 306 1390 366 ὑμᾶς
1440 305 1597 354 ἕλοιτο
1612 327 1647 355 ²5

84 390 271 456 φίλους,
300 391 373 439 ἐπὶ
399 394 492 442 τοῖς
521 390 709 440 δικαίοις
736 387 1032 452 αἱρήσεσθαι,
1058 391 1094 437 εὶ
1123 388 1160 435 δ’
1190 387 1372 438 ἐκείνοις
1410 393 1592 449 Ζπροσ-

83 475 220 532 θεῖτο,
259 470 515 536 συνεργοὺς
553 471 672 537 ἕξειν
712 474 794 532 τῆς
833 472 973 519 αὑτοῦ
1018 469 1309 536 πλεονεξίας.
1355 468 1430 516 διὰ
1468 470 1594 517 ταῦτ’

82 555 275 606 ἐκείνους
309 555 408 604 ἀνθ’
439 555 566 615 ὑμῶν
602 555 677 602 καὶ
712 551 815 601 τότε
855 553 930 600 καὶ
965 556 1046 600 νῦν
1081 554 1288 614 αἱρεῖται.
1334 551 1385 599 οὐ
1413 549 1504 614 γὰρ
1540 549 1597 611 δὴ

82 635 278 701 τριήρεις
316 659 368 700 γε
409 637 496 703 ὁρᾷ
532 636 722 687 πλείους
762 635 918 690 αὐτοῖς
955 633 983 697 ὴ
1025 635 1131 695 ὑμῖν
1173 635 1368 686 ὃοῦσας·
1412 635 1504 682 οὐδ’
1548 635 1598 683 ἐν
1617 642 1671 693 69

84 717 202 781 ι’μὲν
244 723 301 784 τῇ
341 719 566 785 μεσογείᾳ
605 718 686 766 τιν’
724 717 874 782 ἀρχὴν
909 718 1087 780 εὕρηκε,
1121 719 1204 778 τῆς
1240 719 1275 765 δ’
1310 717 1383 765 ἐπὶ
1423 719 1480 782 τῇ
1516 719 1599 765 θα-

84 800 234 867 λάττῃ
271 803 345 850 καὶ
378 805 471 850 τῶν
497 801 730 864 ἐμπορίων
757 800 1042 866 ἀφέστηκεν·
1086 800 1176 848 οὐδ’
1207 801 1466 861 ἀμνημονεῖ
1494 798 1600 851 τοὺς

85 882 256 948 λόγους
283 882 386 932 οὐδὲ
413 882 494 935 τὰς
521 882 816 947 ὑποσχέσεις,
844 883 916 948 ἐφ’
946 881 1016 934 αἶς
1043 885 1125 944 τῆς
1152 881 1332 946 εἰρήνης
1357 881 1531 947 ἔτυχεν.

25 986 72 1028 15
158 965 318 1016 Ἀλλὰ
355 965 410 1028 νὴ
446 967 542 1028 Δί’,
569 965 686 1015 ε’ίποι
725 987 793 1017 τις
833 962 888 1013 ἂν
922 967 983 1016 ὡς
1021 963 1177 1014 πάντα
1216 966 1341 1014 ταῦτ’
1371 963 1513 1025 εἰδὼς,
1547 965 1630 1014 οὐ5

83 1049 359 1116 πλεονεξίας
411 1050 560 1098 ἕνεκεν
611 1049 703 1097 οὐδ’
759 1045 822 1096 ὧν
872 1046 963 1111 ἐγὼ
1014 1052 1261 1112 κατηγορῶ
1313 1046 1416 1096 τότε
1470 1051 1597 1096 ταῦτ’

85 1133 298 1200 ἔπραξεν,
340 1131 472 1181 ἀλλὰ
517 1135 583 1199 τῷ
633 1129 919 1194 οδικαιότερα
963 1129 1070 1182 τοὺς
1112 1131 1354 1192 Θηβαίους
1403 1128 1431 1191 ἢ
1485 1131 1601 1190 ὑμᾶς

85 1214 290 1283 ᾱάξιοῦν.
334 1213 464 1264 ἀλλὰ
490 1220 656 1264 τοῦτον
683 1215 757 1263 καὶ
784 1211 928 1275 μόνον
964 1212 1177 1262 επάντων
1212 1217 1306 1262 τῶν
1333 1212 1491 1277 λόγων
1518 1213 1600 1262 οὐκ

84 1297 282 1348 Ῡὲνεστιν
298 1299 422 1365 αὐτῷ
443 1303 523 1347 νῦν
540 1300 697 1347 εἰπεῖν·
734 1298 758 1345 ὁ
777 1294 868 1360 γὰρ
889 1295 1159 1357 Μεσσήνην
1180 1295 1601 1357 ἕΛακεδαιμονίους
1620 1319 1656 1340 10

85 1380 267 1448 ἀφιέναι
307 1379 520 1439 κελεύων,
547 1382 646 1430 πῶς
684 1377 740 1427 ἂν
765 1376 1058 1442 Ὀρχομενὸν
1092 1378 1167 1425 καὶ
1204 1376 1471 1440 Κορώνειαν
1497 1374 1602 1425 τότε

86 1464 314 1527 Θηβαίοις
352 1460 589 1527 παραδοὺς
631 1460 726 1528 Ιῑτῲ
772 1461 923 1510 δίκαια
964 1459 1159 1524 νομίζειν
1199 1461 1324 1509 ταῦτ’
1367 1457 1479 1509 εἶναι
1521 1482 1603 1510 πε-

87 1547 322 1610 ποιηκέναι
349 1545 594 1612 σκήψαιτο
618 1566 628 1605 ;

29 1636 77 1675 16
163 1634 301 1681 Ἀλλ’
327 1630 529 1692 ἐβιάσθη
567 1628 621 1692 νὴ
649 1630 743 1678 Δία
773 1629 931 1689 (τοῦτο
958 1627 1050 1692 γάρ
1085 1630 1183 1677 ἐσθ’
1215 1626 1496 1694 ὑπόλοιπον)
1528 1630 1602 1676 καὶ

86 1714 215 1779 παρὰ
252 1714 459 1779 γνώμην,
499 1717 594 1762 τῶν
630 1715 886 1762 Θετταλῶν
923 1711 1100 1761 ἱππέων
1130 1713 1203 1760 καὶ
1238 1715 1332 1760 τῶν
1372 1711 1602 1773 Θηβαίων

87 1799 294 1847 ὁπλιτῶν
337 1798 385 1845 ἐν
425 1795 558 1863 μέσῳ
603 1797 815 1859 ληφθεὶς,
858 1793 1165 1859 συνεχώρησε
1216 1798 1379 1842 ταῦτα.
1424 1797 1596 1844 καλῶς.
1619 1816 1652 1845 ¹5

88 1879 252 1928 οὐκοῦν
297 1880 419 1945 φασὶ
463 1877 548 1939 μὲν
588 1877 781 1939 μέλλειν
831 1874 950 1940 πρὸς
999 1874 1132 1928 ἰτοὺς
1175 1876 1416 1937 Θηβαίους
1461 1874 1602 1924 αὑτὸν

90 1960 306 2013 ὑπόπτως
357 1960 489 2026 ἔχειν,
542 1962 616 2009 καὶ
669 1964 976 2023 λογοποιοῦσι
1034 1956 1322 2022 Ιςπεριιόντες
1372 1957 1490 2010 τινὲς
1541 1960 1603 2010 ὡς

29 2043 337 2098 17Ἐλάτειαν
375 2047 547 2108 τειχιεῖ·
590 2043 614 2091 ὁ
660 2041 707 2091 δὲ
746 2048 892 2091 ταῦτα
928 2041 1011 2102 μὲν
1049 2039 1217 2103 με’λλει
1257 2043 1331 2090 καὶ
1368 2040 1603 2104 μελλήσει

88 2124 171 2191 1γε,
197 2128 258 2178 ὡς
295 2125 388 2189 ἐγὼ
426 2125 579 2190 κρίνω,
607 2129 702 2177 τοῖς
731 2125 1026 2187 Μεσσηνίοις
1061 2123 1109 2173 δὲ
1145 2126 1219 2173 καὶ
1250 2128 1346 2176 τοῖς
1372 2125 1602 2188 Ἀργείοις
1616 2147 1655 2169 20

88 2213 161 2262 ἐπὶ
203 2209 308 2263 τοὺς
349 2209 740 2271 Λακεδαιμονίους
786 2206 1126 2269 ιωσυμβάλλειν
1166 2208 1218 2257 οὐ
1259 2208 1438 2269 μέλλει,
1472 2208 1603 2258 ἀλλὰ

91 2295 194 2344 ῃκοιῖ
232 2293 391 2361 ξενους
432 2292 677 2354 εἰσπέμπει
720 2293 793 2341 καὶ
833 2289 1030 2355 χρήματ’
1067 2290 1358 2340 ἀποστέλλει
1403 2293 1478 2339 καὶ
1525 2291 1602 2340 δυ’-

92 2397 225 2437 ναμιν
261 2373 478 2438 μεγάλην
512 2373 631 2438 ἔχων
658 2371 794 2424 αὐτός
833 2373 934 2420 ἐστι
973 2369 1304 2436 προσδόκιμος.
1346 2368 1451 2422 τοὺς
1489 2369 1603 2432 Ομὲν

144 2564 160 2583 2
181 2558 367 2603 προσθεῖτο
388 2558 426 2591 S.
456 2556 642 2600 πρόσθειτο
663 2555 779 2588 O.u.V.
809 2554 998 2598 πρόσθοιτο
1018 2553 1136 2598 vulgo.
1232 2557 1250 2576 ὃ
1269 2554 1375 2586 οὔσας
1391 2551 1426 2584 S.
1457 2552 1602 2586 ἐνούσας

90 2613 206 2657 vulgo.
314 2606 334 2633 b
353 2611 414 2652 μὲν
433 2621 502 2643 om.
526 2608 608 2643 S.Y.
712 2613 728 2631 ⁰
748 2605 952 2651 δικαιότερα]
977 2606 1205 2648 δικαιοτέρους
1226 2604 1343 2638 O.u.v.
1447 2600 1465 2627 d
1484 2603 1601 2647 ἀξιοῦν

90 2664 251 2699 hocloco
272 2662 307 2696 S.
329 2669 363 2696 et
382 2673 409 2695 r.
431 2662 524 2707 apud
543 2662 672 2705 Anger.
713 2659 913 2704 Legebatur
932 2664 1012 2703 post
1032 2658 1233 2701 δικαιότερα.
1347 2661 1362 2679 e
1384 2656 1516 2689 πάντων
1535 2659 1602 2690 τῶν

89 2714 218 2763 λόγων]
241 2717 307 2748 τῶν
325 2716 438 2760 λόγων
456 2715 591 2747 πάντων
611 2712 770 2746 F.O.u.v.
863 2730 867 2735 -
887 2712 1021 2743 ἔνεστιν
1042 2710 1076 2743 S.
1106 2708 1215 2742 ἔνεστ’
1235 2709 1353 2753 vulgo.
1456 2713 1477 2741 g
1496 2715 1600 2742 Λακε-

555 2779 600 2797 οις
895 2798 905 2803 ‚
980 2761 996 2790 ὸ
1200 2792 1206 2797 .

93 2799 298 2846 δαιμονίους]
330 2799 605 2843 λακεδαιμονίους
624 2810 657 2831 u.
813 2794 833 2821 h
862 2795 926 2842 τῳ]
951 2810 998 2828 τω
1018 2808 1051 2829 u.
1201 2800 1209 2820 ¹
1236 2795 1316 2829 τοὺς
1335 2805 1404 2827 om.
1424 2792 1600 2828 A.Y.O.u.

94 2847 115 2876 k
133 2854 316 2897 περιιόντες
334 2852 439 2897 τινὲς]
463 2852 551 2885 τινὲς
569 2852 754 2895 περιιόντες
775 2849 891 2883 O.u.V.
920 2862 1006 2883 τινες
1026 2848 1198 2892 περιόντες
1216 2847 1255 2880 F.
1383 2843 1393 2870 Ῑ
1412 2860 1452 2891 ’γε
1472 2858 1541 2880 om.
1564 2846 1599 2880 S.

95 2909 124 2929 ¹¹²
143 2907 356 2948 συμβάλλειν
375 2905 502 2939 A.S.Y.
534 2904 800 2942 συνεισβάλλειν
818 2902 935 2946 vulgo.
1048 2906 1067 2924 Π
1088 2900 1139 2933 καὶ
1160 2911 1229 2933 om.
1252 2898 1367 2932 O.u.v.
1481 2904 1499 2922 0
1519 2897 1596 2943 μὲν]

91 2956 151 2999 μὲν
169 2956 227 2991 οὖν
246 2958 334 2991 F.Y.

817 3026 887 3054 L2
