1882 3250
271 161 326 199 48
812 159 1243 200 ΔΗΜΟΣΘΕΝΟΎΣ
1481 158 1564 199 On.
1588 158 1664 199 IV.
1687 173 1727 214 p.
1745 171 1812 213 43,
1825 176 1845 203 ε

269 272 363 334 οὖν,
390 269 427 321 ὦ
453 271 615 338 ἄνδρες
639 275 895 336 Ἀθηναῖοι,
920 270 1035 322 πότε
1061 270 1092 322 ἃ
1125 270 1216 338 χρὴ
1250 270 1482 339 πράξετε·
1472 312 1483 331 ,
1523 270 1708 322 ἐπειδᾶν
1737 273 1787 322 τί
1811 299 1813 302 ⁴

268 355 486 421 γένηταις
528 355 713 407 ἐπειδὰν
752 355 807 419 νὴ
842 357 923 406 Δί’
959 355 1140 420 ἀνάγκη
1179 361 1303 463 abus*
1320 352 1366 420 ᾐ.
1409 360 1490 405 νῦν
1529 353 1577 404 δε
1611 356 1660 404 τί
1689 353 1781 421 χρὴ

267 440 328 490 τὰ
353 438 606 505 γιγνόμενα
632 441 877 504 ἡγεῖσθαις
918 438 1009 503 ἐγὼ
1042 438 1127 501 μὲν
1152 438 1246 503 γὰρ
1285 436 1473 501 ὺοῖομαι
1510 442 1606 491 τοῖς
1644 439 1811 491 ἕλευ-5

270 522 418 588 θέροις
456 524 688 588 μεγίστην
727 522 936 587 ἀνάγκην
974 521 1059 585 τὴν
1091 519 1206 586 ὑπὲρ
1240 524 1334 570 τῶν
1373 519 1666 586 πραγμάτων
1704 524 1776 570 αἱ·

268 605 451 672 σχύνην
498 605 626 657 εἶναι.
668 605 696 669 ὴ
733 605 984 667 βούλεσθε,
1026 604 1127 655 εἰπέ
1167 627 1260 668 μοι,
1303 603 1587 670 ὑπεριιόντες
1629 605 1782 654 αὐτῶν

654 688 809 739 ἀκατοὶ
867 688 952 752 τὴν
1002 688 1195 755 ἀγορὰν,
1248 689 1440 753 λε’γεταί
1485 711 1529 738 τι
1591 688 1778 749 καινόν;

267 689 591 740 πυνθάνεσθαι

269 780 284 799 ⁰
300 772 479 837 γένοιτο
506 771 598 838 γὰρ
625 771 682 822 ἄν
708 795 752 823 τι
778 771 1042 837 καινότερον
1063 771 1091 836 ὴ
1115 771 1349 822 Μακεδὼν
1369 770 1486 836 ἀνὴρ
1504 773 1780 835 Ἀθηναίους
1829 801 1834 805 ’

205 878 256 915 14
269 861 610 919 καταπολεμῶν
636 859 711 906 καὶ
737 854 797 906 τὰ
827 860 921 905 τῶν
945 854 1197 919 “Ελλήνων
1223 859 1406 905 διοικῶν
1426 877 1436 914 ;
1478 854 1667 918 τέθνηκε
1694 855 1776 906 Φί-
1794 879 1833 902 ιο

267 947 472 998 λιππος;
514 941 567 989 οὐ
601 939 668 1003 μὰ
699 938 832 989 fAla.
876 941 985 989 ἀλλ’
1014 941 1232 999 ἀσθενεῖς
1272 940 1320 989 τί
1343 941 1379 988 δ’
1410 940 1516 1001 ὑμῖν
1541 939 1778 1008 διαφέρεις

267 1046 343 1074 και
369 1023 462 1089 γὰρ
488 1021 544 1073 ἂν
570 1023 702 1076 οὗτός
737 1045 781 1073 τι
806 1021 950 1090 πάθῃ,
978 1023 1154 1089 ταχέως
1194 1025 1318 1086 ὑμεῖς
1357 1023 1511 1087 ἕτερον
1539 1023 1781 1074 Φίλιππον

265 1105 502 1170 ποιήσετε,
531 1104 677 1172 ἄνπερ
704 1107 824 1157 οὕτω
851 1105 1117 1172 προσέχητε
1143 1111 1238 1159 τοῖς
1269 1104 1525 1172 πράγμασι
1549 1104 1632 1157 τὸν
1657 1112 1777 1157 νοῦν·

267 1190 370 1241 οὐδὲ
396 1189 490 1256 γὰρ
516 1190 649 1244 οὗτος
675 1189 804 1257 παρὰ
829 1189 915 1253 τὴν
941 1192 1082 1240 αὑτοῦ
1101 1190 1263 1277 ῥώμην
1288 1195 1518 1240 τοσοῦτον
1543 1190 1777 1258 ἔέπηύξη-
1795 1214 1839 1248 ι5,·
1858 1239 1861 1243 .

205 1297 254 1339 15
269 1298 343 1325 ται
393 1275 510 1325 ὅσον
559 1297 688 1340 παρα
736 1273 821 1338 τὴν
872 1273 1134 1340 11ἡμετεραν
1185 1273 1443 1336 “ἀμελειαν.
1505 1274 1654 1323 καίτοι
1705 1276 1780 1324 καὶ

267 1364 422 1409 τοῦτο·
467 1358 510 1408 εἴ
541 1366 607 1408 J‘rc
647 1358 789 1409 πάθοι
829 1380 904 1407 και
944 1356 1043 1407 ι(τιῗι
1082 1360 1164 1420 τῆς
1200 1356 1344 1423 τύχης
1384 1357 1494 1420 ἡμῖν
1535 1355 1780 1424 ’ὑπάρξαα

266 1443 384 1508 ἤπερ
425 1444 493 1492 ἀεὶ
536 1441 727 1502 βελτιον
766 1439 795 1505 ἢ
838 1442 966 1504 ἡμεῖς
1006 1442 1136 1504 ἡμῶν
1182 1442 1336 1491 αὐτῶν
1382 1439 1778 1503 ωέπιμελούμεθα,

265 1526 359 1577 ἴσθ’
402 1526 471 1576 ὅτι
508 1526 717 1589 πλησίον
756 1524 842 1589 μὲν
878 1525 1019 1586 ὅντες,
1057 1523 1238 1575 ἅπασιν
1275 1522 1360 1573 ”dlv
1397 1528 1492 1576 τοῖς
1526 1523 1779 1588 πράγμασι
1792 1545 1831 1568 20

264 1608 620 1675 τεταραγμένοις
645 1607 919 1661 ἐπιστάντες
954 1608 1080 1661 ὅπως
1106 1616 1124 1634 ⁰
1141 1607 1378 1668 βούλεσθε
1404 1614 1423 1642 P
1440 1606 1779 1670 διοικήσαισθε,

265 1694 327 1745 ὡς
362 1690 409 1741 δὲ
445 1697 527 1740 νῦν
553 1690 690 1756 ἔχετε,
723 1688 826 1740 οὐδὲ
862 1689 1118 1739 Ἷδιδόντων
1152 1693 1246 1738 τῶν
1282 1692 1455 1754 καιρῶν
1479 1689 1779 1756 Ἀμφίπολιν

264 1774 493 1842 δέξασθαι
518 1781 533 1799 ¹
551 1773 760 1823 δύναισθ’
790 1772 860 1835 ἂν,
888 1772 1201 1838 ἀπηρτημένοι
1228 1774 1302 1822 καὶ
1325 1777 1425 1825 ταῖς
1459 1777 1776 1838 παρασκευαῖς

263 1860 339 1909 καὶ
365 1863 465 1911 ταῖς
491 1856 710 1923 γνώμαις.

317 1995 336 2014 ²²
354 2003 405 2024 τις
424 2001 493 2022 om.
517 1988 551 2022 S.
690 1985 709 2012 b
729 1987 857 2034 οἴομαι]
883 1985 974 2032 οἶμαι
997 1988 1113 2022 O.u.v.
1154 1987 1298 2033 ἡγοῦμαι
1318 1987 1404 2021 AX.
1534 1992 1550 2011 ⁰
1569 1987 1772 2034 περιιόντες]

262 2043 435 2087 περιόντες
455 2042 493 2076 F.
515 2054 549 2074 u.
571 2047 606 2075 et
626 2053 677 2087 pr.
702 2042 736 2075 S.
757 2054 789 2075 v,
919 2038 938 2066 d
958 2042 1040 2075 κατὰ
1061 2041 1121 2084 τὴν
1140 2040 1267 2086 ἀγορὰν
1285 2051 1355 2074 om.
1378 2041 1416 2074 F.
1437 2040 1473 2073 in
1493 2040 1651 2084 margine
1670 2040 1777 2075 habet

264 2095 302 2128 B·
327 2101 361 2129 et
381 2107 449 2129 rec.
473 2095 508 2128 S.
619 2100 635 2119 e
654 2096 788 2140 γένοιτο
807 2096 873 2141 γὰρ
893 2095 932 2128 ἄν
951 2095 1000 2141 τι]
1025 2094 1060 2128 τί
1079 2093 1106 2128 δ’
1128 2092 1168 2127 ἂν
1187 2095 1320 2139 γένοιτο
1340 2093 1429 2127 A.Y.
1549 2089 1565 2117 s
1582 2093 1637 2127 δία
1658 2093 1693 2127 S.
1724 2093 1775 2127 Δί’

1124 2156 1176 2174 ται
1626 2144 1643 2173 ὑ

261 2191 378 2236 vulgo.
463 2197 484 2226 g
504 2189 704 2236 ἐπηύξηται]
727 2189 912 2234 ἐπηυξηκεν
933 2191 968 2224 S.
999 2188 1181 2234 ἐπηυξηκεν
1203 2190 1242 2223 Β.
1248 2189 1286 2222 F.
1369 2185 1388 2215 h
1410 2187 1589 2234 ἡμετέραν]
1614 2188 1777 2234 ἡμετεραν

262 2243 350 2278 B.F.
380 2243 543 2289 ὑμετέραν
562 2256 596 2277 u.
600 2256 631 2278 V.
788 2250 797 2269 ²
817 2242 995 2288 ἀμέλειαν]
1019 2242 1181 2286 ἀμέλειαν
1200 2243 1253 2275 καὶ
1270 2240 1437 2288 ῥαθυμίαν
1454 2243 1495 2275 A.
1499 2241 1541 2275 Y.
1562 2253 1632 2276 rec.
1655 2241 1698 2276 O.
1718 2256 1774 2288 γρ.

262 2330 349 2364 B.F.
459 2329 469 2366 j
489 2330 539 2376 τι]
564 2344 615 2364 τοι
636 2329 721 2364 B.F.
743 2342 812 2364 om.
836 2330 913 2364 S.u.
1025 2327 1041 2351 ¹<
1062 2328 1121 2374 τὰ]
1145 2342 1186 2362 τα
1206 2328 1247 2363 F.
1276 2329 1316 2362 τὸ
1335 2329 1424 2363 Α.Ῡ.
1457 2328 1514 2362 Sic
1533 2340 1568 2374 p.
1588 2337 1650 2376 53,
1669 2338 1704 2374 7.
1735 2330 1774 2363 τὸ

261 2384 320 2427 τῆς
345 2382 450 2429 τύχης
479 2384 556 2428 ἡμῖν
579 2383 851 2429 συναγωνίζεται.
1013 2379 1021 2402 ¹
1050 2382 1195 2427 ὑπάρξαι
1223 2394 1344 2427 margo
1366 2383 1402 2416 S.
1445 2381 1586 2427 ὑπάρξει
1610 2382 1772 2416 A.Y.u.v.

378 2442 399 2458 01

261 2470 402 2515 ὑπάρξει
423 2470 468 2504 Ο.
500 2471 631 2515 ὑπάρξῃ
659 2471 743 2504 B.F.
881 2474 912 2493 m
941 2469 1063 2503 Delevi
1086 2470 1181 2515 quod
1208 2474 1288 2515 post
1317 2467 1565 2512 ἐπιμελούμεθα
1591 2469 1774 2515 legebatur

261 2524 538 2557 additamentum
558 2523 758 2569 interpretis
776 2535 901 2568 parum
921 2523 1094 2557 subtihter
1108 2523 1346 2568 excogitatum
1361 2523 1414 2556 καὶ
1432 2521 1523 2555 τοῦτ’
1536 2523 1771 2568 ἐξεργάσαιτο.

260 2576 398 2610 Vitium
416 2577 568 2622 wssgatae
585 2577 765 2622 scripturae
785 2576 894 2610 sensit
915 2576 1090 2616 Reiskius,
1111 2576 1171 2622 qui
1191 2576 1340 2620 conjecit
1364 2575 1382 2618 ἡ
1402 2576 1467 2621 γὰρ
1487 2575 1773 2619 ἀεὶ-ἐπιμελου-

259 2631 340 2674 μένη
372 2630 424 2663 καὶ
453 2632 544 2663 τοῦτ’
572 2628 612 2663 ἂν
638 2630 873 2675 ἐξεργάσαιτο.
902 2630 992 2664 male
1026 2629 1179 2675 quidem,
1209 2629 1271 2663 sed
1295 2629 1500 2663 concinnius
1522 2634 1641 2663 tamen
1666 2640 1772 2675 quam

260 2682 447 2723 Dobraeus,
473 2683 534 2728 qui
563 2683 700 2717 sublato
729 2683 873 2728 ὑπάρξαι
899 2683 1085 2717 verborum
1111 2682 1252 2728 quidem
1278 2682 1576 2716 constructionem
1605 2682 1770 2722 restituit,

261 2736 322 2770 sed
340 2748 412 2769 non
431 2736 675 2770 animadvertit
693 2736 761 2770 hoc
780 2741 883 2781 pacto
902 2748 1098 2782 pronomen
1117 2736 1194 2779 ἡμῖν
1208 2736 1298 2770 male
1318 2735 1393 2769 fore
1406 2735 1626 2769 collocatum.
1699 2739 1714 2755 ¹¹
1731 2733 1772 2768 ἂν

259 2828 341 2867 post
360 2821 487 2856 ἅπασιν
507 2834 577 2857 om.
599 2822 642 2856 Y.
747 2828 765 2847 o
783 2821 975 2868 βούλεσθε]
998 2794 1171 2863 βούλεσθε
1190 2823 1242 2863 F,
1262 2834 1335 2857 non
1355 2822 1398 2857 B.
1428 2820 1469 2856 ἂν
1486 2821 1664 2866 βούλησθε
1681 2821 1769 2856 Α.Υ;

261 2882 282 2911 P
301 2874 552 2921 διοικήσαισθε]
576 2875 793 2919 διοικησεσθε
813 2875 1205 2919 B.S.O.u.810u<qcrere
1223 2877 1265 2910 A.
1268 2875 1310 2910 Y.
1411 2881 1431 2908 q
1452 2876 1630 2922 διδόντων]
1655 2875 1767 2908 διδόν-

261 2975 328 2995 των
349 2961 424 3005 ὑμῖν
439 2963 479 2995 Α.
485 2962 526 2997 B.
532 2961 570 2996 F.
574 2963 615 2997 Y.
621 2962 666 2997 Ο.
671 2975 704 2996 u.
708 2974 740 2997 v.
818 2969 832 2989 Ι·
847 2962 1017 3008 δύναισθ’]
1037 2961 1173 2997 δύνεσθ
1191 2963 1239 3006 (αι
1257 2975 1278 2997 a
1292 2975 1338 2996 m.
1355 2974 1422 2997 rec.
1427 2963 1439 3007 )
1462 2963 1498 2998 S.
1526 2960 1709 3006 δυνήσεσθ’
1724 2961 1768 2997 Υ.
