1882 3250
261 178 316 218 70
835 184 1261 222 ΔΗΜΟΣΘΕΝΟΎΣ.
1307 177 1311 181 ’
1466 183 1547 222 On.
1574 183 1623 221 v.
1646 198 1686 238 p.
1705 183 1774 237 63,
1800 199 1836 225 1⁵
1873 176 1875 181 '

399 290 423 308 ,ν
562 293 576 310 x
722 293 733 309 l
881 291 888 297 ·
991 296 1004 311 x
1145 293 1158 311 x
1207 293 1224 321 k
1277 293 1290 310 x
1498 293 1510 310 t
1639 301 1649 315 ‚
1872 282 1875 318 s

258 312 344 350 μεν
387 313 458 342 αν.
502 314 578 342 και
615 296 842 361 Φιλιππῳ
880 300 1007 344 1νυνι
1045 317 1164 344 κατα
1237 317 1320 347 τας
1360 298 1598 358 συνθηκας
1657 299 1764 358 Αμ-
1789 321 1822 352 ¹5
1872 350 1873 353 Ἴ

258 372 499 439 φιπόλεως
535 375 1004 442 παρακεχωρήκαμεν,
1044 379 1120 427 καὶ
1165 375 1457 442 Καρδιανοὺς
1494 379 1639 439 ἐῶμεν
1679 377 1710 427 ἔ
1735 401 1771 428 ω
1870 382 1874 396 ⁸

257 454 637 522 1Χερρονησιτῶν
673 462 767 508 τῶν
793 458 960 508 ἄλλων
995 458 1236 525 τετάχθαι,
1279 461 1354 509 καὶ
1391 458 1474 509 τὸν
1512 463 1649 524 Κᾶρα
1687 459 1771 513 τὰς

257 535 431 602 νήσους
467 539 863 603 καταλαμβάνειν,
902 543 1022 592 Χίον
1059 546 1134 593 καὶ
1169 546 1323 593 ῐῃΚῶν
1358 545 1434 593 καὶ
1471 542 1649 606 Ῥόδον,
1692 546 1768 594 καὶ

257 621 534 687 Βυζαντίους
574 623 793 689 κατάγειν
833 623 893 674 τὰ
929 630 1088 688 πλοῖα,
1128 629 1274 690 δῆλον
1316 625 1387 676 ὅτι
1427 626 1513 690 τὴν
1554 625 1648 678 ἀπὸ
1683 630 1766 691 τῆς
1780 651 1820 674 20
1867 649 1870 653 “

255 704 435 771 εἰρήνης
472 707 675 773 ἡσυχίαν
707 707 941 758 πλειόνων
966 710 1158 773 ἀγαθῶν
1184 709 1335 760 αἰτίαν
1360 707 1474 760 εἶναι
1508 709 1767 775 νομίζοντες
1866 709 1868 711 ’

189 786 283 851 2όῆ
323 787 376 838 τὸ
413 789 726 855 προσκρούειν
761 793 836 841 καὶ
874 804 895 824 ¹¹
916 796 1194 860 φιλονεικεῖν
1224 794 1331 858 περὶ
1365 792 1559 844 τούτων.
1601 794 1767 844 οὐκοῦν

253 872 410 935 εὔηθες
468 874 545 922 καὶ
594 876 761 940 κομιδῇ
810 875 1047 942 σχέτλιον,
1098 874 1216 940 πρὸς·
1265 875 1490 929 ἑκάστους
1541 877 1642 926 καθ’
1686 878 1765 927 ἕνα

252 955 399 1005 Οοὕτω
436 957 897 1022 προσενηνεγμένους
933 959 1037 1024 περὶ
1072 962 1166 1009 τῶν
1200 960 1376 1010 οἰκείων
1407 961 1483 1010 καὶ
1513 961 1763 1025 ἀναγκαιο-

251 1039 418 1101 τοίτων,
458 1038 578 1105 πρὸς
614 1039 821 1095 Ρπάντας
862 1043 968 1107 περὶ
1009 1044 1092 1105 τῆς
1136 1044 1184 1092 ἐν
1223 1047 1437 1111 Δελφοῖς
1480 1048 1619 1098 σκιᾶς
1664 1046 1762 1096 νυνὶ
1774 1068 1812 1100 25

251 1127 564 1188 qwerfaefio-ac.

977 1465 1024 1504 ς.

601 1615 823 1667 ΚΑΤΑ
873 1615 1280 1668 ΦΙΛΙΠΠΟὙ
1330 1616 1397 1668 Β.

879 1848 1115 1877 ΥΠΟΘΕΣῙΣ.

289 1935 451 1978 Παραινεῖ
470 1933 525 1967 διὰ
544 1932 666 1967 τούτου
685 1935 745 1967 τοῦ
764 1935 871 1979 λόγου
889 1935 961 1968 τοῖς
979 1932 1168 1977 Ἀθηναίοις
1187 1934 1204 1966 ὁ
1224 1931 1336 1978 ῥήτωρ
1361 1932 1527 1976 πολέμιον
1548 1930 1749 1966 ὑποπτεύειν
1762 1927 1817 1978 64
1848 1942 1856 1985 ¹⁸

235 1999 295 2031 τὸν
323 1998 493 2031 Φίλιππον
521 1997 574 2031 καὶ
598 2000 638 2040 τῇ
662 1996 774 2042 εἰρήνῃ
794 1996 839 2040 μὴ
867 1997 974 2031 Γπάνυ
999 1996 1185 2036 πιστεύειν,
1213 1996 1304 2030 ἀλλὰ
1334 1994 1525 2042 ἐγείρεσθαι
1553 1996 1605 2029 καὶ
1634 2009 1745 2041 προσ-

235 2062 325 2106 έχειν
344 2062 403 2095 τὸν
423 2063 501 2095 νοῦν
520 2063 590 2096 τοῖς
609 2061 786 2107 πράγμασι
814 2062 867 2095 καὶ
893 2060 1149 2106 εὐτρεπίζεσθαι
1179 2065 1192 2085 S
1206 2061 1291 2106 πρὸς
1317 2061 1481 2103 πόλεμον·
1512 2058 1775 2100 ἐπιβουλεύεινὸ

232 2126 299 2171 ’γὰρ
328 2126 474 2159 αἰτιᾶται
501 2126 553 2159 καὶ
585 2128 657 2161 τοῖς
686 2126 876 2169 Ἀθηναίοις
909 2127 962 2159 καὶ
989 2128 1076 2159 πᾶσι
1110 2127 1181 2160 τοῖς
1206 2124 1358 2168 ’Ἕλλησι
1387 2125 1447 2158 τὸν
1476 2125 1658 2165 Φίλιππον,
1695 2124 1749 2158 καὶ

232 2191 334 2223 τοῦτο
372 2190 475 2223 αὐτοῦ
523 2191 811 2235 Ῐκαταμαρτυρεῖν
848 2190 909 2224 τὰς
944 2190 1085 2234 πράξεις
1121 2189 1244 2234 φησίν.
1293 2189 1542 2234 ἐπαγγέλλεται
1586 2188 1656 2222 11δὲ
1694 2188 1748 2221 καὶ

230 2252 428 2298 ἀποκρίσεις
453 2254 576 2287 δώσειν
601 2254 685 2298 πρός
712 2268 804 2288 τινας
832 2253 997 2298 πρέσβεις
1022 2252 1205 2296 Χῆκοντας,
1226 2251 1444 2297 ἀπορούντων
1473 2254 1540 2285 τῶν
1558 2250 1746 2295 Ἀθηναίων

229 2322 247 2346 y
260 2316 279 2350 ὅ
293 2317 326 2350 τί
340 2331 424 2351 ποτε
438 2317 684 2362 ἀποκρίνασθαι
699 2317 760 2351 δεῖ.
790 2317 894 2350 πόθεν
910 2317 946 2350 δὲ
961 2315 1054 2350 οὗτοι
1069 2317 1121 2349 καὶ
1138 2316 1235 2361 Ζπερὶ
1253 2316 1353 2349 τίνων
1368 2315 1520 2359 ἥκουσιν,
1537 2316 1573 2350 ἐν
1585 2317 1633 2363 τῷ
1646 2317 1741 2363 λόγῳ
1759 2331 1795 2352 ιο

227 2381 289 2424 μὲν
314 2381 353 2414 οὐ
379 2380 553 2424 δηλοῦται,
584 2381 620 2414 ἐκ
645 2381 681 2414 δέ
711 2384 777 2414 τῶν
806 2382 1018 2414 Φιλιππικῶν
1046 2381 1208 2425 ἱστοριῶν
1236 2380 1354 2423 μαθεῖν
1383 2380 1537 2413 δυνατόν.
1569 2380 1651 2413 κατὰ
1676 2380 1743 2426 γὰρ

226 2446 349 2478 τοῦτον
376 2446 436 2479 τὸν
461 2446 576 2491 καιρὸν
600 2445 736 2490 ἔπεμψε
759 2444 924 2490 πρέσβεις
949 2445 967 2477 ὁ
995 2444 1165 2478 Φίλιππος
1191 2444 1277 2489 πρὸς
1302 2443 1381 2479 τοὺς
1401 2444 1607 2487 Ἀθηναίους,
1627 2444 1740 2478 αι’τιώ-

278 2598 288 2626 i
309 2601 397 2647 νυνὶ]
421 2604 479 2635 νῦν
499 2602 584 2635 B.F.
679 2598 700 2626 k
720 2602 780 2637 τὰς
799 2614 868 2637 om.
892 2603 926 2636 S.
948 2610 983 2638 et
1003 2615 1149 2649 gramm.
1170 2603 1207 2636 in
1227 2602 1341 2637 Bekk.
1362 2603 1495 2638 Anecd.
1517 2615 1551 2648 p.
1574 2600 1656 2644 161,
1675 2613 1735 2648 23.

223 2652 234 2679 l
253 2654 527 2700 Χερρονησιτῶν]
551 2659 840 2700 χερρωνησιωτῶν
860 2656 942 2690 B.S.
1069 2661 1100 2680 ¹¹1
1121 2656 1214 2702 Κῶν]
1239 2659 1285 2689 κῶ
1304 2655 1470 2690 Y.O.u.v.
1593 2661 1613 2680 Π
1632 2657 1735 2701 φιλο-

223 2707 357 2753 νεικεῖν]
381 2709 420 2741 τὸ
440 2710 646 2753 φιλονεικεῖν
666 2709 822 2743 B.F.u.v.
966 2714 984 2733 0
1004 2707 1092 2743 οὕτω
1115 2709 1149 2743 S.
1179 2709 1307 2743 οὑτωσὶ
1325 2709 1413 2743 A.Y.
1443 2707 1549 2744 οὕτως
1567 2709 1628 2752 ἤδη
1649 2709 1733 2743 B.F.

221 2773 291 2795 ΠΝ.
320 2761 450 2795 οὑτωσὶ
469 2762 529 2805 ἤδη
552 2761 595 2795 O.
729 2767 749 2795 P
769 2763 896 2797 πάντας
917 2763 951 2796 S.
981 2760 1130 2798 ἅπαντας
1148 2763 1265 2808 vulgo.
1394 2767 1414 2795 (1
1435 2762 1678 2807 subscriptum
1698 2762 1734 2796 in

222 2813 306 2848 RS.
326 2815 403 2858 περὶ
423 2816 480 2857 τῆς
499 2813 630 2859 εἰρήνης
650 2820 783 2850 ΗΗΠΙ.
817 2815 859 2849 In
880 2816 922 2850 B.
944 2827 1065 2850 versus
1085 2821 1167 2849 sunt
1197 2813 1276 2862 158.
1370 2821 1385 2840 ¹·
1403 2815 1508 2861 πάνυ]
1529 2815 1616 2849 πάνυ
1634 2829 1668 2849 τι
1687 2815 1731 2850 Β.

221 2871 236 2891 S
255 2867 340 2912 πρὸς
360 2867 402 2902 Y.
442 2868 486 2902 εἷς
506 2868 624 2913 vulgo.
764 2871 774 2891 t
803 2870 1069 2915 καταμαρτυρεῖν
1087 2869 1148 2903 τὰς
1166 2870 1306 2914 πράξεις
1323 2868 1494 2903 Wolfius:
1525 2882 1733 2914 καταμαρτυ-

217 2921 359 2964 ροῦντος
377 2921 518 2966 πράξειν
535 2921 625 2955 libri.
716 2926 733 2942 ¹¹
753 2922 790 2955 δέ
810 2934 879 2957 om.
900 2935 932 2956 v.
1016 2928 1034 2945 Χ
1054 2921 1341 2966 ἥκοντας-οὗτοι
1358 2933 1430 2958 om.
1448 2920 1540 2957 B.F.
1626 2927 1643 2952 y
1664 2920 1684 2955 ὅ
1700 2919 1738 2955 τί

218 2986 301 3006 ποτε
323 2973 529 3008 Schaeferus.
560 2974 760 3021 Legebatur
779 2976 893 3010 ὁπότε.
1005 2980 1023 3000 2
1043 2974 1138 3022 περὶ]
1163 2975 1253 3021 παρὰ
1272 2975 1316 3010 Y.
