1930 3266
276 195 362 237 246
823 199 1249 237 AHMOEGENOTE
1352 197 1434 236 On.
1460 196 1642 236 xvm.
1666 211 1706 251 p.
1726 208 1820 251 234,
1839 214 1855 238 ε
1898 173 1911 212 ’·

511 307 527 326 ε)

204 309 458 365 34ωὲνεκα.
502 333 533 359 α
576 307 668 374 ἐγὼ
711 309 1053 375 προορώμενος,
1099 308 1164 359 ¹¹⁶3
1209 310 1373 375 ἄνδρες
1416 310 1672 372 Ἀθηναῖοι,
1715 310 1791 359 καὶ

272 391 571 458 λογιζόμενος
609 392 697 442 0τὸ
737 391 974 460 ψήφισμα
1008 398 1145 443 τοῦτο
1179 393 1364 460 γράφω,
1396 397 1534 443 πλεῖν
1571 394 1646 443 ἐπὶ
1684 390 1790 446 τοὺς

271 475 442 529 τόπους
481 478 528 526 ἐν
555 475 622 528 οἷς
657 474 713 525 ἂν
738 473 768 542 ᾗ
797 476 1050 537 Φίλιππος,
1077 478 1153 526 καὶ
1189 475 1296 529 τοὺς
1335 475 1500 541 ὅρκους
1537 474 1623 539 τὴν
1648 477 1782 542 ταχί-
1804 502 1842 523 ιο

270 581 393 622 στην
420 558 791 622 ἀπολαμβάνειν,
823 558 877 608 ἵν’
906 557 1109 625 ἐχόντων
1143 562 1237 608 τῶν
1263 561 1481 626 Θρᾳκῶν,
1509 562 1602 609 τῶν
1638 566 1657 593 Ρ
1674 560 1783 622 ὑμε-

269 643 414 708 τέρων
440 641 720 708 συμμάχων,
749 647 923 691 (ὶταῦτα
957 640 1017 691 τὰ
1047 642 1197 708 χωρία
1231 639 1260 691 ἃ
1300 647 1382 692 νῦν
1418 641 1552 695 οὗτος
1590 642 1789 708 διέσυρε,

267 724 321 775 τὸ
360 726 598 791 ΓΣέρρειον
635 727 711 774 καὶ
747 724 801 775 τὸ
836 724 1118 791 ΞΜυρτηνὸν
1142 727 1216 774 καὶ
1251 725 1337 788 τὴν
1361 726 1639 790 Ἐργίσκην,
1666 728 1787 777 οὕτω

265 811 489 874 γίγνοινθ’
519 814 561 860 οἱ
587 809 728 875 ὅρκοι,
755 812 830 859 καὶ
865 807 930 872 μὴ
963 808 1225 875 προλαβὼν
1252 810 1419 862 ἐκεῖνος
1457 809 1563 862 τοὺς
1601 811 1778 860 ἐπικαί-

264 914 373 957 ρους
399 896 493 942 τῶν
519 890 677 942 τόπων
703 891 857 958 κύριος
883 895 966 955 τῆς
993 892 1186 960 Θρᾴκης
1218 894 1495 957 κατασταίη,
1522 892 1638 957 μηδὲ
1663 901 1781 944 πολ-
1800 911 1835 944 15

265 979 365 1026 λῶν
389 974 474 1038 μὲν
500 975 766 1042 χρημάτων,
793 980 993 1027 πολλῶν
1021 975 1068 1026 δὲ
1095 981 1400 1043 στρατιωτῶν
1431 975 1699 1042 εὐπορήσας
1735 979 1785 1028 ἐκ

192 1080 246 1121 35
263 1059 442 1110 τούτων
466 1061 637 1128 ῥᾳδίως
672 1065 767 1113 τοῖς
806 1061 1021 1113 ἵλοιποῖς
1060 1061 1311 1126 ἐπιχειροίη
1349 1059 1644 1126 πράγμασιν.
1687 1058 1785 1111 εἶτα

262 1149 400 1193 τοῦτο
447 1143 532 1207 μὲν
576 1144 679 1210 οὐχὶ
726 1143 853 1208 λε’γει
893 1141 947 1194 τὸ
989 1142 1240 1212 ψήφισμα,
1282 1144 1374 1193 οὐδ’
1417 1143 1780 1208 ἀναγιγνώσκει·

260 1230 298 1277 εὶ
333 1226 381 1277 δὲ
406 1227 649 1289 βουλεύων
675 1226 766 1292 ἐγὼ
798 1227 1062 1293 προσάγειν
1096 1226 1205 1281 τοὺς
1243 1228 1469 1294 πρέσβεις
1508 1225 1639 1296 ᾤμην
1675 1231 1781 1291 δεῖν,
1797 1249 1836 1272 ²0

259 1310 397 1361 τοῦτό
448 1334 539 1374 μου
587 1310 853 1371 διαβάλλει.
905 1310 1037 1360 ἀλλὰ
1085 1311 1134 1361 τί
1180 1312 1321 1377 ἐχρῆν
1372 1334 1428 1374 με
1471 1316 1654 1374 ποιεῖν,
1715 1311 1781 1375 μὴ

257 1394 521 1461 προσάγειν
547 1396 735 1464 γράψαι
773 1394 880 1449 τοὺς
917 1396 993 1446 ἐπὶ
1031 1399 1159 1445 τοῦθ’
1187 1395 1400 1459 ἥκοντας,
1426 1394 1481 1444 ἵν’
1509 1396 1645 1457 “ὑμῖν
1676 1397 1776 1444 δια-

258 1483 531 1546 λεχθῶσιν;
571 1479 600 1544 ἦ
635 1480 744 1530 θεάν
782 1478 847 1543 μὴ
879 1483 1148 1543 κατανεῖμαι
1186 1477 1270 1529 τὸν
1296 1477 1601 1545 ἀρχιτέκτονα
1626 1478 1780 1532 αὐτοῖς

257 1567 512 1623 κελεῦσαι;
554 1564 664 1613 ἀλλ’
693 1565 742 1613 ἐν
776 1567 875 1613 τοῖν
902 1565 1028 1613 δυοῖν
1063 1564 1257 1623 ὀβολοῖν
1291 1562 1517 1627 ἐθεώρουν
1544 1560 1613 1622 ἂν,
1641 1564 1677 1611 εἱ
1713 1559 1778 1624 μὴ
1794 1589 1830 1620 25

259 1648 380 1696 τοῦτ’
419 1647 624 1715 ἐγράφη.
667 1645 727 1697 τὰ
770 1645 949 1712 Χμικροὶ
988 1645 1297 1713 συμφέροντα
1340 1647 1422 1708 τῆς
1462 1643 1646 1697 πόλεως
1691 1645 1782 1694 ἔδει

256 1736 275 1764 y
292 1752 352 1793 με
393 1729 664 1797 φυλάττειν,
704 1729 763 1780 τὰ
806 1730 844 1779 δ’
883 1729 986 1791 ὅλα,
1034 1728 1197 1795 ὥσπερ
1243 1729 1384 1790 οὗτοι,
1428 1727 1778 1794 Ζπεπρακέναις

257 1815 310 1864 οὐ
349 1813 547 1878 8δήτι-ου.
588 1814 699 1879 λέγε
738 1815 894 1864 τοίνυν
929 1837 1007 1877 μοι
1044 1812 1097 1864 τὸ
1124 1813 1363 1882 ψήφισμα
1401 1811 1570 1863 1)ἰ·ουτὶ
1595 1811 1777 1875 λαβὼν,

256 1896 282 1947 ὃ
307 1902 480 1966 σαφῶς
506 1898 667 1952 οοῦτος
694 1898 711 1925 ‘¹
731 1897 861 1952 εἰδὼς
886 1905 902 1924 ‘³
919 1898 1118 1963 παρέβη.

187 2008 243 2060 36
862 1998 1178 2045 fWHQIEMA.
1792 2006 1870 2049 235

369 2074 462 2116 Ἐπὶ
483 2077 675 2128 ἄρχοντος
696 2077 969 2128 Μνησιφίλου,
1000 2077 1316 2126 ἑκατομβαιῶνος
1346 2074 1438 2123 ἕὲνῃ
1461 2074 1522 2113 καὶ
1546 2072 1626 2127 νέᾳ,
1650 2075 1779 2124 φυλῆς

311 2144 628 2195 πρυτανευούσης
658 2145 933 2190 Πανδιονίδος,
959 2142 1217 2194 Δημοσθένης
1247 2141 1530 2193 Δημοσθένους
1561 2141 1778 2182 Παιανιεὺς

309 2280 339 2298 m
359 2273 469 2319 ἕνεκα]
495 2273 602 2308 ἕνεκεν
622 2274 702 2307 A.k.
824 2279 844 2298 Π
867 2270 892 2307 ὦ
911 2285 981 2308 om.
1004 2273 1236 2318 S.O.p.r.u.V.
1361 2278 1379 2297 0
1398 2274 1438 2306 τὸ
1458 2272 1631 2318 ψήφισμα
1650 2271 1768 2318 τοῦτο]

253 2330 356 2361 τοῦτο
376 2329 416 2360 τὸ
436 2327 608 2371 ψήφισμα
627 2327 743 2362 A.k.S.
891 2332 910 2360 P
932 2327 1116 2372 ὑμετέρων]
1142 2326 1312 2372 ἡμετέρων
1332 2327 1414 2360 A.k.
1571 2334 1588 2361 (Ι
1610 2328 1716 2359 ταῦτα
1735 2326 1778 2359 τὰ

253 2380 362 2426 χωρία
383 2381 419 2415 S.
452 2381 652 2426 Legebatur
673 2381 714 2413 τὰ
733 2380 841 2424 χωρία
861 2380 969 2414 ταῦθ’.
1002 2378 1096 2414 ταῦθ’
1118 2392 1187 2413 om.
1208 2392 1244 2425 p.
1363 2386 1377 2405 Γ
1397 2379 1555 2425 σέρρειον
1574 2380 1619 2413 Y.
1651 2379 1776 2424 σέρρον

273 2437 278 2440 .
1278 2436 1306 2453 τι
1525 2438 1552 2460 γι

253 2478 307 2512 pr.
329 2479 357 2501 r.
389 2467 613 2501 scribebatur
629 2468 778 2512 Σέρριον.
861 2471 872 2485 ⁸
890 2467 1070 2512 Μυρτηνὸν
1084 2467 1167 2501 A.k.
1197 2480 1366 2511 μυρτηνον
1378 2467 1433 2500 vel
1452 2467 1666 2510 μυρτηνονὸ.
1681 2465 1740 2511 qui
1755 2479 1775 2500 a

253 2531 305 2564 pr.
330 2532 374 2554 m.
403 2535 572 2566 μυρρονον
591 2520 755 2554 habuisse
772 2520 920 2554 videtur.
953 2521 1152 2566 Legebatur
1169 2518 1335 2565 Μύρτιον.
1367 2519 1548 2564 Μύρτανον
1568 2520 1663 2565 apud
1679 2519 1771 2553 Har-

252 2579 387 2618 pocrat.
447 2573 620 2619 ῐλοιποῖς]
637 2574 758 2608 ἅλλοις
770 2586 797 2607 r.
857 2580 871 2593 ¹¹
887 2573 981 2619 ὑμῖν]
1001 2573 1119 2616 ἡμῖνὶἱ.
1168 2578 1187 2597 X
1200 2573 1300 2617 μικρὰ
1313 2585 1382 2607 om.
1398 2585 1448 2618 pr.
1466 2573 1500 2606 S.
1515 2573 1641 2617 σμικρὰ
1653 2584 1722 2607 rec.
1735 2573 1772 2608 S.

253 2631 271 2658 y
283 2626 341 2671 με]
359 2641 416 2670 μοι
428 2627 464 2661 k.
480 2628 520 2671 με’
533 2627 578 2670 μὴ
592 2639 644 2672 pr.
656 2639 683 2660 r.
737 2629 966 2672 Ζπεπρακέναι
979 2626 1199 2664 οὐΡ.5.Υ.Ω.
1213 2626 1417 2670 πεπρακέναι
1429 2625 1590 2672 φιλίππῳ
1603 2626 1642 2659 οὐ
1655 2626 1772 2671 vulgo.

253 2683 271 2703 a
291 2679 415 2725 δήπου]
435 2680 529 2723 δὴπω
543 2681 578 2713 k.
651 2678 667 2705 b
687 2680 917 2725 τουτὶ-λέγε
938 2680 974 2713 in
989 2680 1147 2725 margine
1163 2680 1199 2713 k.
1271 2686 1287 2704 ⁰
1308 2678 1406 2714 οὗτος
1427 2678 1539 2724 εἰδὼς]
1559 2679 1655 2714 εἰδὼς
1673 2677 1775 2714 οὗτος

250 2733 324 2767 A.s.
348 2738 383 2767 et
401 2745 524 2779 margo
543 2734 578 2767 k.
658 2729 677 2757 <l
697 2733 794 2768 εἰδὼς
813 2733 856 2767 ab
876 2733 954 2774 aZia,
975 2733 1036 2767 sed
1055 2733 1200 2778 antiqua
1219 2744 1267 2766 m.
1289 2733 1395 2766 habet
1417 2733 1451 2766 S.
1476 2732 1511 2766 in
1532 2732 1645 2777 spatio
1664 2732 1772 2766 trium

251 2785 429 2820 literarum
443 2787 572 2831 capaci,
590 2787 684 2832 quod
699 2786 887 2831 reliquerat
902 2787 1073 2820 librarius.
1150 2791 1166 2810 θ
1181 2785 1331 2831 παρέβη]
1351 2786 1555 2819 Addebatur
1569 2785 1660 2831 λέγε,
1677 2785 1772 2831 qnod

249 2850 320 2872 om.
341 2839 377 2873 S.
468 2837 483 2864 f
497 2840 704 2885 Psephisma
718 2840 754 2873 in
768 2852 904 2873 summa
923 2840 1052 2885 pagina
1072 2840 1114 2873 ab
1136 2851 1176 2873 ea
1191 2851 1309 2879 manu,
1324 2851 1401 2884 quae
1418 2839 1549 2873 scholia
1565 2838 1714 2884 scripsit,
1728 2838 1769 2871 Y.

251 2891 495 2937 Psephismata
510 2898 544 2927 et
559 2893 694 2938 reliqua
709 2904 787 2939 quae
802 2893 884 2927 huic
900 2893 1050 2927 orationi
1063 2893 1194 2926 inserta
1209 2897 1291 2925 sunt
1307 2897 1385 2926 acta
1403 2893 1544 2938 publica
1563 2891 1681 2937 spuria
1695 2903 1771 2925 esse

249 2943 321 2978 fere
341 2946 459 2979 omnia
479 2946 616 2980 censuit
635 2946 821 2986 Dobraeus,
844 2946 943 2990 cujus
963 2946 1038 2980 haec
1058 2951 1110 2980 est
1131 2946 1174 2979 ad
1195 2957 1228 2991 p.
1247 2943 1335 2979 282.
1359 2945 1542 2980 annotatio
1563 2949 1584 2963 “
1599 2943 1648 2978 28
1659 2955 1770 2990 2—3.

250 2996 415 3043 Suspicor
434 2999 509 3033 haec
529 3000 599 3033 duo
615 2999 766 3040 decreta,
787 3005 822 3033 et
841 2999 960 3033 omnia
980 2999 1051 3034 fere
1072 3000 1107 3033 in
1128 2999 1194 3033 hae
1214 2998 1372 3033 oratione
1394 2999 1510 3040 citata,
1532 2997 1650 3044 spuria
1671 3009 1768 3032 esse:

1915 306 1922 367 «⁴...
1914 251 1918 260 -

1910 379 1922 469 Ῑ
