1882 3250
25 199 91 244 60,
110 214 141 238 ε.
566 200 692 236 ΠΕΡΙ
722 200 833 238 ΤΗΣ
868 200 1126 237 ΕΙΡΗΝΗΣ.
1546 196 1599 235 65

91 309 288 374 ἀπάγων
338 307 526 377 ξῷχετο.
572 308 653 359 δύο
692 307 777 372 μὲν
826 307 882 371 δὴ
922 314 1070 358 ταῦτα
1115 306 1180 358 ὧν
1224 312 1448 373 προεῖπον
1493 307 1599 371 ἐγώ,

93 397 320 458 μαρτυρεῖ
351 397 445 445 τοῖς
485 391 844 456 ἓγεγενημένοις
885 390 1060 455 λόγοις,
1096 391 1246 455 ὀρθῶς
1286 392 1361 440 καὶ
1403 391 1600 451 δικαίως,

93 474 168 527 οἶά
190 498 278 541 περ
303 474 374 539 ἧν,
401 475 733 543 ἀποφανθέντα
772 476 845 524 ὑπ’
875 472 895 499 ¹¹
911 475 1038 536 ἐμοῦ·
1082 472 1265 538 ὶτρίτον
1296 474 1350 534 δ’,
1377 470 1413 521 ὦ
1440 472 1602 537 ἄνδρες

90 561 345 621 Ἀθηναῖοι,
375 559 468 619 (καὶ
493 556 638 620 μόνον
663 556 711 607 ἓν
736 557 856 606 τοῦτ’
886 555 1027 606 εἰπὼν
1053 556 1119 605 ἔτι
1157 554 1177 580 ¹³
1196 557 1271 605 καὶ
1305 554 1362 617 δὴ
1396 556 1501 619 περὶ
1536 552 1600 605 ὧν
1618 579 1654 599 10

93 639 400 705 παρελήλυθα
425 642 548 706 ἐρῶ),
575 640 707 702 ἡνίκα
732 637 837 691 τοὺς
864 638 1027 704 ὅρκους
1053 636 1159 691 τοὺς
1184 641 1289 704 περὶ
1315 641 1396 701 τῆς
1423 638 1603 704 εἰρήνης

33 722 404 791 Ιοάπειληφότες
443 723 612 786 ἥκομεν
643 726 683 772 οὶ
714 722 953 788 πρέσβεις,
984 720 1088 772 τότε
1131 720 1373 774 1Θεσπιάς
1414 733 1446 754 Π]
1466 743 1604 771 τινων

92 808 167 857 καὶ
214 805 459 858 Πλαταιὰς
510 805 893 870 ὑπισχνουμένων
945 804 1307 868 οἰκισθήσεσθαι
1372 807 1446 854 καὶ
1498 802 1604 856 τοὺς

90 888 175 952 μὲν
219 888 409 941 Φωκέας
448 887 531 939 τὸν
570 890 825 948 Φίλιππον,
865 886 924 937 ἂν
968 887 1158 952 γε’νηται
1195 887 1362 953 κύριος,
1402 887 1598 948 σώσειν,
1619 913 1654 942 15

90 971 176 1035 τὴν
211 970 259 1021 δὲ
285 972 513 1034 Θηβαίων
544 971 688 1022 πόλιν
724 978 742 997 ¹¹
765 972 982 1026 διοικιεῖν,
1015 971 1091 1019 καὶ
1128 969 1210 1019 τὸν
1243 969 1464 1034 Ὠρωπὸν
1498 971 1605 1032 ὑμῖν

90 1054 322 1122 ὑπάρξειν,
363 1056 438 1104 καὶ
476 1053 562 1117 τὴν
603 1055 814 1114 Εὔβοιαν
853 1054 949 1102 ἀντ’
992 1051 1332 1121 Ἀμφιπόλεως
1373 1052 1606 1116 ἀποδοθή-

89 1139 275 1197 σεσθαι,
339 1138 414 1186 καὶ
477 1136 693 1188 τοιαύτας
755 1136 950 1188 ἐλπίδας
1014 1137 1090 1185 καὶ
1151 1133 1487 1200 φενακισμοὺς,
1538 1133 1605 1187 οἷς

90 1218 398 1284 οέπαχθέντες
424 1219 550 1281 ὑμεῖς
575 1220 680 1268 οὔτε
705 1217 967 1285 συμφόρως
994 1220 1091 1268 οὔτ’
1120 1218 1236 1271 ἰ’σως
1268 1225 1287 1253 p
1304 1220 1408 1268 οὕτε
1447 1222 1605 1271 καλῶς

91 1304 338 1366 ιἶπροεῖσθε
365 1302 568 1363 Φωκέας,
589 1301 722 1352 οὐδὲν
747 1301 925 1351 τούτων
952 1302 1044 1351 οὔτ’
1068 1300 1374 1370 ἐξαπατήσας
1400 1302 1502 1351 οὔτε
1529 1323 1603 1350 σι-
1618 1329 1658 1350 20

90 1384 245 1450 γήσας
286 1383 377 1449 ἐγὼ
416 1383 706 1453 φανήσομαι,
747 1384 877 1435 ἀλλὰ
918 1384 1186 1451 Γπροειπὼν
1225 1387 1343 1448 ὑμῖν,
1385 1386 1445 1437 ὡς
1490 1382 1601 1434 S026⁹

91 1468 160 1519 ὅτι
186 1468 505 1531 μνημονεύετε,
533 1468 603 1519 ὅτι
630 1474 776 1518 ταῦτα
804 1470 908 1519 οὕτε
935 1466 1037 1519 οῖδα
1064 1470 1166 1519 οὔτε
1201 1472 1470 1533 προσδοκῶ,
1497 1470 1596 1518 ἴνο-

91 1552 204 1618 μίζω
230 1551 278 1602 δὲ
303 1551 387 1602 τὸν
412 1553 613 1618 λε’γοντα
638 1557 812 1617 ληρεῖν,

32 1662 77 1689 11
111 1657 140 1698 γ
165 1640 330 1687 Ταῦτα
363 1638 554 1687 “τοίνυν
580 1635 765 1698 ἅπανθ’,
793 1636 887 1686 ὅσα
920 1637 1146 1703 φαίνομαι
1172 1635 1364 1696 βέλτιον
1389 1639 1483 1684 τῶν
1510 1635 1599 1684 ἄλ-

92 1727 191 1771 λων
215 1724 445 1786 προορῶν,
466 1721 558 1770 οὐδ’
581 1724 643 1773 εἰς
668 1720 792 1781 μίαν,
813 1717 849 1768 ὦ
869 1719 1032 1784 ἄνδρες
1054 1721 1310 1781 Ἀθηναῖοι,
1333 1719 1435 1767 οὔτε
1463 1717 1604 1767 δεινό-
1619 1747 1655 1777 25

90 1825 207 1866 τητα
240 1804 344 1853 οὔτε
370 1802 643 1868 ἀλαζονείαν
668 1803 917 1862 ἐπανοίσω,
946 1808 965 1827 '¹
983 1802 1086 1851 οὐδὲ
1120 1799 1513 1866 προσποιήσομαι
1549 1801 1602 1849 δι’

91 1884 221 1936 οὐδὲν
259 1886 384 1935 ἄλλο
427 1886 706 1951 γιγνώσκειν
749 1887 825 1934 καὶ
863 1883 1273 1949 προαισθάνεσθαι
1317 1881 1447 1944 πλὴν
1484 1885 1539 1932 δι’
1579 1882 1609 1932 ἂ

91 1968 147 2019 ἂν
184 1970 290 2032 ὑμῖν
327 1969 440 2019 ε’ίπω
478 1968 572 2029 δύο,
600 1968 647 2018 ἓν
683 1968 780 2030 μὲν,
814 1965 850 2016 ὦ
887 1967 1050 2031 ἄνδρες
1089 1967 1348 2029 Ἀθηναῖοι,
1390 1968 1444 2014 δι’
1471 1966 1602 2015 εὐτυ-

93 2051 214 2118 χίαν,
238 2051 295 2115 ἣν
321 2051 581 2115 συμπάσης
619 2049 712 2115 ἐγὼ
738 2053 821 2111 τῆς
856 2052 903 2100 ἐν
931 2049 1195 2115 ἀνθρώποις
1221 2050 1367 2111 οὔσης
1395 2048 1598 2112 δεινότη-
1620 2058 1674 2099 60

1242 2132 1352 2158 xzrt

34 2157 172 2189 127'05'
210 2139 284 2186 καὶ
322 2136 530 2204 Υσοφίας
571 2137 664 2200 ὁρῶ
703 2139 986 2200 κρατοῦσαν,
1013 2133 1169 2198 ἕτερον
1207 2135 1268 2194 δε,
1329 2155 1400 2182 οτι
1437 2137 1608 2196 προῖκα

544 2300 579 2318 ω’»
649 2300 664 2317 0

147 2324 163 2352 f
178 2325 303 2374 ᾤχετο]
329 2325 457 2370 οἴχεται
479 2325 516 2358 S.
547 2338 676 2369 οιχεται
699 2324 785 2357 B.F.
883 2328 903 2356 ῐζ
922 2321 1172 2368 γεγενημένοις]
1197 2322 1499 2365 προγεγενημένοις
1516 2319 1602 2354 B.F.

95 2381 172 2414 τότε
190 2379 422 2425 γεγενημένοις
441 2377 604 2412 Y.O.u.v.
625 2383 660 2411 et
676 2389 695 2410 a
715 2389 762 2410 m.
783 2376 1022 2410 recentissima
1043 2375 1079 2408 S.
1244 2370 1265 2397 h
1294 2373 1392 2418 ἐμοῦ]
1415 2373 1540 2406 ἐκείνου
1562 2373 1606 2407 Ο.

96 2453 107 2482 ἱ
125 2457 255 2503 τρίτον]
279 2458 319 2490 τὸ
337 2457 452 2502 τρίτον
474 2456 511 2490 S.
624 2453 640 2477 k
663 2455 716 2489 καὶ
735 2454 792 2500 δὴ]
817 2455 870 2488 καὶ
889 2454 928 2496 δὴ
950 2448 1001 2487 καῖ
1022 2454 1062 2487 F.
1173 2449 1184 2476 Ῑ
1201 2449 1603 2495 Θεσπιὰς-Πλαταιὰς]

97 2509 459 2545 θεσπίας--πλαταίσς
477 2521 530 2554 pr.
553 2509 589 2542 S.
686 2516 716 2534 ¹¹¹
738 2522 838 2541 τινων
859 2506 928 2552 καὶ]
953 2520 1005 2540 και
1024 2520 1124 2539 τινων
1143 2517 1196 2550 pr.
1221 2505 1256 2538 S.
1360 2510 1380 2528 ¹1
1400 2504 1548 2537 διοικιεῖν
1570 2503 1605 2537 S.

97 2568 132 2597 et
159 2575 210 2608 pr.
231 2563 273 2596 Y.
303 2569 338 2597 et
357 2563 458 2596 codd.
479 2567 645 2607 quattuor
665 2560 807 2605 Augeri.
837 2561 972 2594 διοικεῖν
1000 2559 1118 2604 vulgo.
1148 2557 1321 2602 Harpocr.
1343 2557 1501 2590 Διοικιεῖν
1522 2556 1607 2598 ((1υο

97 2616 196 2649 codd.
226 2616 387 2659 διοικεῖν)·
417 2614 490 2648 ἀντὶ
519 2616 580 2647 τοῦ
609 2613 808 2658 διαιρήσειν,
839 2612 928 2646 ὥστε
955 2613 1000 2655 μὴ
1025 2612 1059 2645 ἐν
1087 2611 1199 2656 ταύτῷ
1227 2611 1354 2643 πάντας
1382 2609 1495 2647 οἰκεῖν,
1517 2608 1608 2641 ἀλλὰ

97 2669 200 2713 χωρὶς
218 2670 271 2702 καὶ
290 2669 372 2701 κατὰ
391 2669 502 2712 μέρος.
544 2667 763 2710 Δημοσθένης
782 2680 817 2698 εν
837 2664 860 2698 ε’
881 2666 1106 2698 Φιλιππικῶν.
1218 2668 1236 2686 0
1257 2662 1605 2705 e'7raXHe'vres—-o’vft-

97 2722 212 2766 φόρως
232 2721 266 2755 S.
298 2720 804 2765 ὑπαχθέντες-συμφερόντως
822 2718 939 2762 vulgo.
1042 2723 1061 2749 P
1081 2718 1157 2748 οὔτε
1177 2727 1246 2749 om.
1268 2727 1321 2760 pr.
1345 2714 1381 2748 S.
1481 2721 1499 2748 (Ι
1520 2727 1604 2757 προ-

98 2773 207 2819 εῖσθε]
240 2774 401 2818 προιεσθε
425 2784 477 2818 pr.
501 2773 536 2806 S.
566 2772 720 2806 ποιεῖσθε
740 2771 783 2804 Β.
939 2775 954 2793 ¹·
982 2767 1169 2813 προειπὼν]
1193 2769 1356 2813 προεῖπον
1374 2773 1548 2800 correctus
1570 2766 1605 2799 S.

98 2831 114 2852 3
132 2823 194 2860 οἷδ’
215 2826 249 2861 S.
281 2825 317 2860 εὖ
337 2822 398 2859 οἷδ’
418 2825 536 2870 vulgo.
645 2826 658 2850 t
677 2821 797 2866 νομίζω
817 2822 870 2868 δέ]
895 2823 1035 2866 νομίζων
1056 2821 1176 2855 O.u.V.
1289 2827 1308 2846 U
1332 2818 1444 2853 τοίνυν
1464 2817 1601 2864 ἅπανθ’]

98 2879 204 2913 πάντα
222 2879 334 2913 τοίνυν
355 2879 442 2913 B.F.
471 2876 585 2911 τοίνυν
603 2878 711 2910 πάντα
731 2875 848 2910 O.u.v.
985 2880 1004 2899 X
1025 2874 1120 2919 οὐδὲ]
1144 2876 1221 2907 οὕτε
1243 2873 1279 2906 S.
1419 2878 1436 2905 Y
1457 2871 1600 2916 σοφίας]

99 2932 314 2976 φιλοσοφίας
334 2931 378 2965 Ο.
490 2936 507 2954 ²
528 2929 580 2963 ὅτι
600 2941 670 2963 om.
694 2929 729 2962 S.

157 3006 255 3032 VOL.
278 3006 309 3033 Ῐ.
882 3002 909 3027 Κ
