1882 3250
30 154 92 194 15,
113 155 163 182 16.
623 143 982 180 ΟΛΤΝΘΙΑΚΟΣ
1015 143 1060 179 Α.
1552 141 1605 183 17

89 254 234 315 ὃὺμῖν,
259 251 389 301 ἔστιν
415 250 509 301 ὅσα
542 249 727 300 ὓοὺδέσι
764 256 859 301 τῶν
890 251 1056 301 ἄλλων
1082 251 1343 316 ἀνθρώπων
1369 273 1603 315 στρατιω-

88 333 209 384 τικά·
256 339 403 384 ταῦτα
453 333 502 383 δὲ
551 335 676 396 ὑμεῖς
727 335 872 386 οὕτως
923 336 985 386 ὡς
1033 333 1269 393 βούλεσθε
1312 333 1597 395 λαμβάνετε.

87 419 125 466 εὶ
158 415 242 479 μὲν
264 417 345 466 οὖν
375 421 522 466 ταῦτα
557 420 652 468 τοῖς
678 416 1064 480 στρατευομένοις
1102 415 1388 476 ἀποδώσετε,
1417 415 1603 469 οὐδενὸς

87 500 193 561 ὑμῖν
230 501 432 564 προσδεῖ
463 496 628 562 πόρου,
668 502 706 548 εἰ
745 497 794 547 δὲ
834 496 916 561 μὴ,
955 502 1170 563 προσδεῖ,
1207 502 1398 561 μᾶλλον
1437 499 1500 547 οδ’
1547 498 1597 547 ά-

85 603 260 633 παντος
295 582 415 631 ἐνδεῖ
444 585 528 630 τοῦ
564 580 729 646 πόρου.
772 581 820 631 τί
842 581 937 642 οὖν,
965 580 1022 630 ἄν
1047 604 1116 634 τις
1154 581 1287 642 ε’ίποι,
1314 579 1378 630 σὺ
1404 578 1601 646 γράφεις

23 681 69 710 21
86 666 210 715 ταῦτ’
256 662 369 714 εἶναι
407 663 756 729 στρατιωτικά;
799 663 866 726 μὰ
911 666 1008 726 Δί’,
1051 665 1133 714 οὐκ
1175 664 1338 729 ἔγωγε.
1380 662 1472 728 ἐγὼ
1514 662 1651 726 μὲνὶε,

84 746 179 812 γὰρ
216 748 418 811 ἡγοῦμαι
443 747 738 812 στρατιώτας
765 749 859 796 δεῖν
885 744 1353 809 ἁκατασκευασθῆναι
1389 747 1464 795 καὶ
1491 745 1601 807 μίαν

83 829 312 898 σύνταξιν
338 828 452 880 εἶναι
478 828 564 893 τὴν
590 829 734 893 αὐτὴν
759 835 842 880 τοῦ
879 852 928 880 τε
955 830 1218 893 λαμβάνειν
1243 832 1318 879 καὶ
1344 833 1426 879 τοῦ
1453 832 1603 878 ποιεῖν

83 911 143 963 τὰ
169 913 348 963 δέοντα·
392 914 516 976 ὑμεῖς
543 912 591 962 δὲ
619 913 738 962 οὕτω
773 935 873 965 πως
910 912 1019 963 ἄνευ
1053 911 1347 979 πραγμάτων
1379 909 1597 974 Ελαμβά-

84 1018 181 1046 νετε
207 1000 270 1049 εἷς
295 995 379 1049 τὰς
404 994 581 1061 ἑορτάς.
623 995 726 1045 ἔστι
753 996 809 1058 δὴ
840 995 1022 1056 λοιπὸν,
1052 994 1211 1058 ξοἶμαι,
1233 994 1413 1047 πάντας
1441 993 1601 1059 εἶσφέ-
1619 1007 1666 1050 15

82 1100 190 1144 ρειν,
229 1077 287 1128 ἀν
325 1082 524 1129 πολλῶν
563 1077 655 1145 δέῃ,
690 1077 868 1139 πολλὰ,
901 1077 957 1128 ἂν
994 1079 1184 1143 ὀλίγων,
1221 1079 1380 1142 ὀλίγα.
1424 1079 1496 1126 δεῖ
1526 1075 1603 1126 ἕδὲ

82 1161 349 1229 χρημάτων,
377 1164 452 1212 καὶ
478 1161 586 1211 ἄνευ
611 1161 789 1211 τούτων
815 1161 947 1212 οὐδὲν
974 1162 1077 1211 ἔστι
1103 1161 1326 1226 γενέσθαι
1355 1164 1449 1210 τῶν
1477 1158 1603 1209 δεόν-

81 1267 190 1296 των.
232 1245 430 1309 λε’γουσι
471 1243 548 1294 11δὲ
586 1246 660 1294 καὶ
704 1244 883 1297 ἄλλους
924 1243 1053 1297 τινὰς
1100 1244 1243 1294 ἄλλοι
1293 1242 1486 1308 πόρους,
1537 1239 1603 1290 ῶν

80 1328 251 1379 ἕλεσθε
289 1328 420 1380 ὅστις
461 1330 566 1391 ὑμῖν
592 1327 852 1395 συμφέρειν
878 1331 1017 1378 δοκεῖ·
1060 1330 1134 1377 καὶ
1162 1328 1245 1380 ἕως
1284 1328 1386 1376 ἐστὶ
1423 1323 1628 1389 καιρὸς,5

80 1409 396 1471 ἀντιλάβεσθε
421 1415 515 1461 τῶν
539 1409 848 1477 πραγμάτων.

17 1515 68 1545 22
144 1492 318 1562 ''Ag-‘mv
357 1495 394 1542 δ’
430 1495 742 1556 ἐνθυμηθῆναι
783 1494 857 1542 καὶ
898 1492 1195 1556 λογίσασθαι
1236 1492 1295 1542 τὰ
1325 1495 1600 1560 πράγματα,

78 1578 126 1627 ἐν
164 1575 201 1644 ᾧ
239 1576 498 1640 καθέστηκε
538 1579 649 1637 νυνὶ,
679 1575 756 1626 ἱτιῗι
791 1576 1050 1626 Φιλίππου.
1096 1577 1200 1626 οὔτε
1242 1576 1351 1642 γὰρ,
1380 1581 1441 1631 ὡς
1477 1582 1606 1630 δοκεῖ

78 1661 153 1709 καὶ
189 1658 362 1726 φήσειέ
394 1681 463 1712 τις
504 1658 561 1709 ἂν
595 1658 659 1722 μὴ
703 1662 900 1708 σκοπῶν
938 1660 1156 1723 ἀκριβῶς,
1189 1657 1454 1724 Ῐεύτρεπῶς,
1499 1661 1593 1711 οὐδ’

78 1743 141 1794 ὡς
181 1740 238 1790 ἂν
282 1739 503 1791 κάλλιστ’
541 1742 666 1809 αὐτῷ
706 1740 765 1791 τὰ
807 1740 997 1807 παρόντ’
1043 1741 1180 1808 1’ἔχει’
1238 1743 1331 1792 οὔτ’
1376 1743 1432 1793 ἂν
1482 1743 1591 1812 ἐξή-
1615 1766 1651 1786 10

78 1847 210 1890 νεγκε
247 1822 330 1874 τὸν
362 1823 576 1888 πόλεμόν
601 1847 716 1875 ποτε
752 1830 918 1875 τοῦτον
945 1827 1126 1887 ἐκεῖνος,
1154 1829 1189 1875 εἰ
1217 1831 1440 1889 πολεμεῖν
1467 1826 1597 1895 ᾠήθη

78 1906 261 1972 δεήσειν
304 1907 457 1969 αὐτὸν,
497 1909 606 1958 ἀλλ’
649 1910 711 1961 ὡς
752 1906 893 1958 ἐπιὼν
935 1906 1123 1959 ἅπαντα
1161 1908 1266 1959 τότε
1312 1908 1495 1974 Ῑή’λπιζε
1539 1908 1599 1959 τὰ

15 2011 65 2057 23
77 1990 336 2057 πράγματα
386 1991 740 2057 ἀναιρήσεσθαι,
787 1989 947 2059 Π”κᾷτα
998 1992 1291 2060 διέψευσται.
1360 1998 1499 2043 τοῦτο
1541 1991 1598 2055 δὴ

76 2078 265 2140 πρῶτον
303 2073 444 2125 αὐτὸν
481 2075 696 2140 ταράττει
734 2074 864 2140 παρὰ
898 2075 1092 2140 γνώμην
1126 2074 1321 2141 γεγονὸς
1361 2077 1436 2125 καὶ
1468 2083 1591 2126 πολ-

75 2157 166 2223 λὴν
216 2159 416 2221 ἀθυμίαν
468 2159 592 2227 αὐτῷ
640 2159 845 2225 παρέχει,
897 2156 995 2208 εἶτα
1051 2158 1109 2209 τὰ
1164 2163 1258 2209 τῶν
1312 2162 1588 2209 Θετταλῶν.
1610 2183 1644 2213 15

75 2247 222 2293 ταῦτα
259 2242 352 2308 γὰρ
391 2241 572 2293 ἄπιστα
610 2240 697 2304 μὲν
731 2240 788 2305 ἧν
828 2240 977 2305 δήπου
1017 2241 1159 2310 φύσει
1196 2244 1271 2292 καὶ
1312 2244 1407 2292 nde}
1443 2246 1594 2292 πᾶσιν

130 2393 149 2412 a
169 2387 261 2434 ὑμῖν]
286 2388 363 2431 ἡμῖν
383 2388 427 2422 Ο.
586 2386 601 2408 '⁷
623 2388 756 2433 οὐδέσι]
783 2387 982 2433 Legebatur
1002 2386 1125 2421 οὐδενί.
1281 2393 1296 2411 ⁰
1317 2386 1345 2420 δ’
1365 2386 1529 2433 ἅπαντος]
1556 2387 1592 2420 δέ

74 2442 199 2476 παντὸς
213 2441 255 2475 Y.
286 2442 322 2475 δέ
336 2442 469 2476 πάντως
486 2443 528 2474 Α.
683 2439 698 2462 d
720 2442 804 2475 Post
825 2441 1137 2483 κατασκευασθῆναι
1167 2441 1244 2473 libri
1271 2441 1404 2473 addunt
1425 2441 1477 2473 καὶ
1497 2439 1590 2473 ταῦτ’

75 2490 156 2528 εἶναι
176 2496 414 2539 στρατιωτικά.
464 2495 603 2528 Delevit
624 2495 809 2528 Dobraeus.
905 2498 920 2517 e
941 2493 1150 2538 λαμβάνετε]
1174 2494 1361 2537 λαμβάνειν
1382 2494 1424 2527 Β.
1449 2494 1499 2535 (in
1519 2504 1589 2538 quo

1508 2543 1516 2554 x

1504 2555 1523 2578 77

74 2603 128 2622 ετε
146 2601 213 2623 ree.
236 2588 427 2635 superscr.)
452 2596 486 2624 et
508 2590 588 2623 RS.
738 2586 752 2614 f
769 2586 878 2635 οἶμαι]
904 2585 985 2622 εἶναι
1007 2589 1047 2622 Β.
1194 2594 1214 2621 g
1234 2588 1288 2633 δὲ]
1313 2588 1352 2631 δὴ
1374 2588 1456 2622 O.u.
1487 2588 1523 2621 δέ
1545 2588 1586 2621 Β.

74 2637 96 2666 h
115 2642 151 2675 δὲ
170 2643 223 2676 καὶ
241 2643 370 2678 ἅλλους
388 2644 480 2678 τινὰς
499 2642 617 2688 ἄλλοι]
644 2643 683 2676 δέ
698 2657 786 2677 τινες
805 2643 857 2675 καὶ
876 2642 1005 2676 ἄλλους
1024 2642 1114 2675 A.Y.
1195 2638 1204 2666 i
1225 2641 1282 2686 τὰ]
1308 2643 1368 2674 τοῦ
1390 2642 1430 2674 Β.
1504 2639 1514 2675 j
1535 2641 1589 2674 εὐ-

73 2694 218 2740 τρεπῶς]
243 2696 416 2740 εὐπρεπῶς
434 2696 564 2730 Y.O.v.
719 2693 735 2715 k
762 2696 849 2741 ἔχει]
874 2695 1074 2740 Legebatur
1101 2695 1174 2738 ἔχοι
1195 2694 1304 2739 (quod
1324 2700 1376 2728 est
1396 2694 1432 2727 in
1452 2695 1511 2734 A.)
1532 2694 1588 2727 vel

73 2748 148 2792 ἔχῃ.
199 2748 346 2783 Correxi
375 2761 419 2783 ex
445 2750 536 2794 Aug.
566 2748 670 2782 tertio
699 2748 792 2793 apud
816 2748 1011 2781 Reiskium.
1176 2745 1186 2770 l
1215 2747 1352 2793 ἤλπιζε]
1386 2749 1515 2791 ἤλπισε
1543 2747 1586 2780 Α.

74 2806 100 2822 “²
120 2797 202 2844 κᾷτα
222 2801 442 2847 διέψευσται]
468 2802 755 2845 καταδιέψευσται
776 2801 817 2834 Β.
839 2812 1008 2846 superscr.
1030 2812 1049 2833 a
1069 2812 1115 2833 m.
1136 2812 1205 2834 rec.
1228 2796 1320 2834 κᾶτα.
1475 2806 1494 2824 n
1514 2799 1582 2845 ἀεὶ]

74 2853 139 2887 αἰεὶ
165 2854 249 2888 B.S.
278 2855 338 2900 qui
365 2856 413 2889 sic
438 2867 509 2889 non
542 2866 632 2894 rar0,
661 2854 726 2888 etsi
756 2865 827 2887 non
857 2860 1078 2887 constanter:
1110 2854 1152 2887 de
1178 2865 1248 2899 quo
1275 2853 1357 2887 satis
1386 2852 1451 2887 erit
1478 2853 1587 2886 semel

77 2918 264 2942 monulsse.

137 2981 229 3007 VOL.
251 2982 279 3008 1.
856 2982 880 3007 D
