1903 3271
267 175 352 213 432
809 178 1237 216 ΔΗΜΟΣΘΕΝΟΎΣ
1366 175 1448 214 On.
1472 174 1612 214 XIX.
1637 188 1676 228 p.
1697 187 1793 225 409,
1811 191 1871 231 1⁵⁴

262 284 449 350 μείζονα
484 288 512 349 ἢ
550 287 648 336 κατ’
686 288 985 353 Ἀμφίπολιν
1021 287 1070 336 εὖ
1103 286 1318 349 ποιήσειν
1351 288 1482 349 ὑμᾶς,
1520 285 1633 335 Ἷέἀν
1662 285 1833 353 τύχῃι5

263 371 346 431 τῆς
372 368 566 433 εἰρήνης,
596 371 817 431 Εὔβοιαν,
844 370 1064 434 Ὠρωπὸν
1091 368 1369 419 ἀποδώσειν·
1411 374 1446 419 εὶ
1476 371 1601 418 ταῦτ’
1632 368 1784 419 εἰπόν-

262 473 337 504 τες
381 456 456 502 καὶ
503 452 818 519 ὑποσχόμενοι
861 453 997 503 πάντ’
1039 450 1365 520 ἐξηπατήκασι
1410 453 1485 501 καὶ
1525 453 1779 519 πεφενακί-

261 556 376 584 κασι
416 538 492 585 καὶ
523 536 668 598 μόνον
694 544 708 562 Γ
726 538 778 585 οὐ
804 535 890 599 τὴν
915 533 1138 597 Ἀττικὴν
1166 535 1295 596 ὑμῶν
1319 541 1333 559 ⁵
1350 532 1668 601 περιῄρηνται,
1693 556 1777 584 κα-

261 618 630 684 ταψηφίσασθε,
665 621 738 668 καὶ
779 619 843 681 μὴ
877 617 994 682 πρὸς
1029 622 1125 669 τοῖς
1161 617 1329 668 ἄλλοις
1368 615 1434 669 οἷς
1474 618 1672 682 ὕβρισθε
1708 617 1783 680 (οὐ

259 699 354 765 γὰρ
393 700 528 765 ἔγωγ’
558 701 571 727 t
591 698 671 751 οἶδ’
701 701 726 751 ὅ
765 723 809 750 τι
846 701 936 766 χρὴ
974 700 1129 765 λέγειν
1167 700 1315 767 ἄλλο)
1356 701 1431 749 καὶ
1466 699 1581 764 ὑπὲρ
1609 697 1672 749 ὧν
1698 699 1835 749 013-20

259 805 331 833 τοι
358 785 791 848 δεδωροδοκήκασιν
819 787 945 848 ὑμεῖς
971 783 1056 848 τὴν
1083 783 1202 850 ἀρὰν
1229 786 1304 834 καὶ
1330 783 1415 848 τὴν
1441 784 1677 849 ἐπιορκίαν
1709 783 1776 834 οἵ·

259 869 369 916 καδε
394 867 772 932 Πεῖσενέγκησθε.

163 966 240 1008 243
324 948 436 1000 ’Έτι
474 951 628 1001 τοίνυν
667 954 848 1001 κάκεῖνο
883 956 1116 1012 σκοπεῖτε,
1145 949 1182 1000 ὦ
1218 951 1381 1016 ἄνδρες
1419 952 1679 1012 Χδικασταὶ,
1705 951 1775 1000 τί·

258 1055 335 1086 νος
374 1033 520 1083 Υὲνεκ’
563 1033 654 1099 ἐγὼ
693 1034 837 1098 μηδὲν
880 1032 1167 1098 ἠδικηκότων
1201 1034 1380 1084 τούτων
1416 1039 1690 1099 κατηγορεῖν
1724 1032 1782 1084 ἂν

257 1117 562 1182 προειλόμην.
604 1119 657 1168 οὐ
674 1118 1051 1184 γάρῑεὺρήσετε.
1088 1117 1173 1180 ἡδὺ
1188 1115 1402 1170 πολλοῦς
1420 1115 1613 1183 ἐχθροὺς
1632 1117 1832 1185 ἔχειν;α5

257 1202 400 1252 ἱῖῑοὐδέ
434 1225 490 1267 γε
532 1203 770 1269 ἀσφαλές.
814 1205 928 1252 ἀλλ’
966 1202 1154 1268 ὑπῆρχέ
1186 1224 1266 1264 μοι
1300 1201 1420 1267 πρὸς
1458 1207 1625 1251 τοῦτον
1662 1201 1775 1252 ἀπέ-

256 1285 391 1351 χθειά
437 1308 542 1347 τις;
587 1287 787 1348 οὐδεμία.
828 1287 875 1336 τί
917 1286 1033 1347 οὖν,
1078 1287 1256 1352 ἐφοβοῦ
1301 1286 1407 1350 περὶ
1452 1290 1668 1346 σεαυτοῦ,
1703 1286 1779 1334 καὶ

256 1367 331 1418 διὰ
356 1370 533 1419 δειλίαν
558 1369 733 1433 ταύτην
767 1368 935 1434 ἡγήσω
961 1369 1216 1434 σωτηρίαν·
1259 1369 1336 1418 καὶ
1373 1367 1465 1433 γὰρ
1505 1369 1630 1417 ταῦτ’
1657 1368 1774 1431 ἀκή-

159 1467 241 1507 244
256 1474 342 1502 κοα
382 1451 523 1503 αὐτὸν
563 1452 732 1517 λε’γειν.
775 1451 955 1502 ὓκαίτοι
1000 1450 1196 1516 μηδενός
1242 1452 1315 1516 ογ’
1364 1449 1511 1512 ὄντος,
1558 1451 1778 1517 Αἰσχίνη,

255 1539 405 1586 δεινοῦ
444 1535 559 1600 μηδὲ
602 1535 897 1599 ἀδικήματος,
938 1538 1000 1588 ὡς
1040 1534 1104 1584 σὺ
1147 1534 1256 1602 φῄς.
1300 1539 1337 1584 εὶ
1383 1533 1477 1599 γὰρ
1518 1531 1612 1583 (ἰαῦ
1649 1535 1873 1586 ταῦτ’4ΙΟ

254 1620 390 1683 θέρεῖ,
430 1621 654 1681 σκοπεῖτ’,
694 1617 757 1669 ῑῶ
793 1619 958 1685 ἄνδρες
992 1619 1227 1679 δικασταὶ,
1266 1621 1303 1667 εἰ
1342 1617 1414 1684 ἐφ’
1457 1616 1524 1669 οἷς
1565 1618 1629 1667 gf)
1670 1620 1775 1680 μηδ’

254 1703 410 1752 ὁτιοῦν
437 1704 608 1753 ἀδικῶν
635 1702 909 1770 ἐφοβούμην
945 1701 1037 1766 ἐγὼ
1072 1700 1136 1764 μὴ
1173 1700 1248 1751 διὰ
1287 1701 1479 1753 τούτους
1513 1699 1780 1764 ἀπόλωμαι,

253 1785 302 1834 τί
323 1785 514 1838 τούτους
541 1784 771 1850 προσήκει
796 1788 963 1835 παθεῖν
984 1783 1091 1837 τοῦς
1118 1782 1284 1836 αὐτοὺς
1311 1781 1589 1847 ἠδικηκότας
1612 1805 1623 1845 ;
1668 1784 1777 1833 ἀλλ’

1460 1865 1480 1892 h

157 1884 238 1928 245
254 1870 307 1918 οὐ
345 1867 420 1919 διὰ
453 1874 613 1921 ταῦτα.
654 1868 785 1919 ἀλλὰ
819 1868 894 1919 διὰ
929 1869 976 1919 τί
1007 1891 1098 1918 σου
1134 1871 1416 1932 κατηγορῶ,
1489 1870 1807 1932 συκοφαντῶε

253 1951 308 2016 νὴ
336 1953 434 2014 Δί’,
463 1952 518 2002 ἵν’
545 1952 768 2018 ἀργύριον
793 1953 932 2013 λάβω
971 1952 1102 2018 παρὰ
1132 1957 1238 2001 σοῦ.
1281 1952 1356 2000 καὶ
1390 1949 1592 2015 πότερον
1624 1955 1774 2017 κρεῖτ-

252 2058 334 2086 τον
360 2034 417 2099 ἧν
443 2059 523 2098 μοι
560 2035 690 2102 παρὰ
718 2037 963 2087 Φιλίππου
996 2039 1163 2094 λαβεῖν
1199 2039 1282 2084 τοῦ
1309 2033 1518 2086 διδόντος
1552 2032 1679 2084 πολὺ
1705 2035 1780 2084 καὶ

249 2119 448 2184 μηδενὸς
487 2120 667 2171 τούτων
708 2120 920 2181 ἔλαττον,
962 2121 1037 2170 καὶ
1077 2120 1221 2186 φίλον
1267 2120 1476 2168 κάκεῖνον
1512 2116 1659 2184 ἱἔχειν
1702 2119 1779 2168 καὶ

252 2205 444 2257 τούτους
471 2203 617 2268 (ἦσαν
643 2204 736 2269 γὰρ
776 2202 881 2265 Κᾶν,
907 2202 1033 2266 ἦσάν
1068 2201 1171 2266 Ιμοι
1211 2202 1345 2269 φίλοι
1383 2205 1478 2251 τῶν
1503 2202 1656 2252 αὐτῶν
1695 2224 1770 2251 κε-
1792 2220 1829 2242 10

252 2285 571 2351 κοινωνηκότι·
613 2286 717 2337 οὐδὲ
743 2286 836 2352 γὰρ
864 2293 946 2337 νῦν
972 2287 1146 2353 ἔχθραν
1172 2285 1403 2350 πατρικὴν
1429 2285 1593 2352 ἔχουσι
1618 2283 1776 2352 ῐ1Γιπρός

308 2435 326 2463 q
348 2428 405 2461 ἐὰν
426 2429 615 2462 A.S.k.1·.s.
647 2425 687 2461 ἂν
706 2428 825 2473 vulgo.
953 2433 967 2452 ¹·
988 2427 1044 2473 οὐ]
1070 2427 1147 2471 οὐχὶ
1166 2427 1309 2460 A.k.1·.s.
1332 2430 1367 2458 et
1386 2439 1442 2470 γρ.
1465 2437 1496 2458 v.
1622 2430 1637 2449 S
1657 2423 1775 2470 περιῄ-

251 2513 387 2559 ρηνται]
411 2486 641 2559 τῖἕριήιρηνται
663 2514 702 2547 F.
733 2527 954 2559 παρηιρηντοι
973 2528 1029 2560 γρ.
1054 2514 1089 2547 S.
1162 2512 1176 2537 t
1196 2509 1258 2545 οἶδ’
1281 2511 1299 2545 ὅ
1318 2511 1368 2557 τι]
1394 2507 1470 2544 οἶδα
1489 2511 1523 2544 τί
1541 2512 1576 2545 k.
1647 2517 1668 2537 ¹¹
1687 2512 1776 2546 εἷσε-

253 2566 419 2612 νέγκησθε
438 2567 627 2601 A.S.k.1·.s.
660 2567 861 2612 Legebatur
883 2567 1126 2612 ἀπενέγκησθε.
1266 2571 1285 2589 X
1315 2565 1472 2598 δικασταὶ
1493 2564 1775 2600 F.S.Y.O.t.u.v.

253 2647 324 2669 om.
345 2636 380 2669 k.
410 2635 580 2679 Ἀθηναῖοι
599 2637 718 2682 vulgo.
754 2636 796 2669 In
815 2637 856 2669 A.
880 2619 917 2669 ἑ).
1031 2641 1049 2668 Y
1069 2634 1179 2679 ἕνεκα]
1205 2632 1312 2667 εἵνεκα
1331 2633 1366 2666 k.
1479 2637 1497 2656 Ζ
1517 2631 1698 2679 εὑρήσετε]
1722 2632 1776 2666 εὖ·

250 2703 380 2749 ρὴσητε
402 2704 447 2739 Ο.
575 2710 586 2725 ⁴¹
607 2705 688 2738 οὐδέ
705 2705 762 2750 γε]
787 2703 857 2738 οὐδ’
877 2703 919 2738 αὖ
941 2703 1184 2743 F.Q.O.t.u.v.
1305 2699 1325 2727 b
1347 2701 1472 2747 καίτοι]
1497 2691 1584 2736 καιτῗι
1606 2702 1640 2736 S.
1671 2701 1726 2735 καί
1743 2716 1776 2735 τι

255 2756 387 2796 A.Q.k.
500 2763 516 2782 ‘²
535 2757 567 2803 γ’
587 2770 656 2791 om.
679 2757 923 2796 F.Q.O.t.u.v.
1037 2754 1055 2781 d
1077 2755 1117 2790 αὖ
1137 2768 1207 2790 om.
1230 2757 1336 2789 A.r.s.
1422 2760 1438 2779 e
1459 2755 1543 2800 ἐρεῖ]
1566 2755 1652 2800 ἐρεῖς
1670 2766 1724 2800 pr.
1747 2766 1774 2788 r.

251 2807 267 2833 f
284 2806 310 2843 (3
329 2822 398 2844 om.
422 2811 458 2844 S.
570 2816 590 2843 g
606 2810 819 2855 ὁ--ἀδικῶν]
845 2809 1020 2843 ὃ-ἀδικῶ
1043 2810 1083 2844 Y.
1197 2806 1216 2833 h
1238 2807 1462 2853 συκοφαντῶ]
1486 2809 1713 2853 συκοφαντῶν
1729 2806 1773 2841 Ο.

256 2862 298 2895 In
321 2863 355 2896 S.
377 2864 604 2907 συκοφαντῶν
624 2864 693 2897 ἰ’δια
713 2862 809 2897 ἵν’-
823 2876 844 2897 a
859 2876 910 2909 pr.
927 2875 973 2896 m.
1112 2859 1121 2888 i
1142 2861 1249 2907 ἔχειν]
1275 2863 1375 2906 σχεῖν
1394 2860 1469 2895 Am.
1606 2857 1627 2885 k
1642 2858 1683 2894 ἂν
1702 2871 1772 2895 om.

251 2915 362 2951 A.r.s.
474 2914 484 2942 l
503 2930 561 2960 μοι
581 2928 650 2950 om.
671 2917 788 2952 A.k.s.
810 2921 890 2962 post
910 2916 1010 2961 φίλοι
1031 2921 1169 2961 ponunt
1189 2914 1385 2953 Q.O.t.u.v.
1471 2918 1501 2938 m
1520 2915 1606 2959 πρός
1623 2928 1665 2958 με
1686 2913 1770 2948 S.Y.

250 2968 336 3012 πρὸς
355 2968 412 3011 ἐμὲ
432 2969 550 3014 vulgo.
