1930 3266
82 197 174 250 256,
196 213 246 239 19.
594 201 720 238 ΠΕΡΙ
750 202 861 238 ΤΟΥ
893 201 1197 239 ΣΤΕΦΑΝΟὙ.
1571 200 1656 244 269

50 791 126 832 1¹3

202 308 419 362 συμμάχοις
458 310 522 350 καὶ
562 309 776 363 συγγενέσι
815 312 1038 361 Περινθίοις
1078 311 1141 350 καὶ
1180 312 1336 352 πολλὰς
1376 311 1438 350 καὶ
1476 312 1654 363 μεγάλας
1668 337 1706 366 25

199 374 366 428 1(χρείας
399 374 681 430 1παρέσχηται,
721 377 764 416 ἔν
796 393 838 417 τε
871 377 921 431 τῷ
963 378 1225 428 παρεστακότι
1267 379 1382 431 καιρῷ
1423 385 1455 404 ¹¹¹
1470 379 1653 418 Φιλίππω

201 447 252 482 τῶ
283 445 513 486 Μακεδόνος
543 445 958 496 Πέπιστρατεύσαντος
992 444 1054 484 ἐπὶ
1085 446 1155 484 τὰν
1185 446 1319 497 χώραν
1351 445 1412 484 καὶ
1439 446 1511 484 τὰν
1537 447 1655 485 πόλιν

200 508 258 549 ἐπ’
291 510 508 551 ἀναστάσει
538 512 758 560 Βυζαντίων
793 512 855 551 καὶ
885 512 1107 562 Περινθίων
1139 513 1200 552 καὶ
1228 513 1301 551 τᾶν
1329 512 1463 564 χώραν
1495 513 1655 552 Οδαίον-

196 593 261 619 τος
293 578 356 617 καὶ
387 577 745 630 δενδροκοπέοντος,
777 578 1013 628 Ρβοηθήσας
1042 579 1230 620 (ἰπλοίοις
1265 579 1404 618 ἑκατὸν
1441 578 1502 618 καὶ
1534 580 1656 619 εἴκοσι
1671 589 1751 642 256

198 644 259 684 καὶ
296 646 390 699 σίτῳ
428 646 490 686 καὶ
521 645 665 696 βέλεσι
702 646 763 686 καὶ
795 647 974 688 ὁπλίταις
1011 647 1182 696 ἐξείλετο
1218 647 1317 698 Γάμὲ
1352 648 1394 686 ἐκ
1426 650 1502 686 τῶν
1537 647 1655 699 μεγά-

198 717 282 752 λων
312 715 497 753 κινδύνων
532 715 595 753 καὶ
625 713 923 754 ἀποκατέστασε
953 715 1026 753 τᾶν
1053 713 1217 765 πάτριον
1252 714 1456 754 πολιτείαν
1489 714 1550 754 καὶ
1582 716 1655 757 τὼς

199 780 324 830 νόμως
354 781 416 820 καὶ
437 782 510 822 τὼς
531 781 675 832 τάφως,
701 793 715 811 s
733 782 916 833 δεδόχθαι
937 783 989 835 τῷ
1012 780 1117 835 δάμῳ
1148 783 1162 809 ‘t
1176 783 1226 836 τῷ
1249 781 1468 830 Βυζαντίων
1491 781 1551 821 καὶ
1575 785 1653 821 Πε-
1667 793 1684 824 5

196 849 354 898 ρινθίων
385 846 610 890 Ἀθαναίοις
640 859 658 877 u
677 849 795 899 δόμεν
826 849 1049 900 ἐπιγαμίαν,
1079 849 1296 895 πολιτείαν,
1330 851 1552 901 Χέγκτασιν
1583 853 1655 901 γᾶς

198 915 260 955 καὶ
287 917 460 962 Υοῖκιᾶν,
488 916 697 967 προεδρίαν
725 917 768 956 ἐν
793 919 873 958 τοῖς
901 917 1039 968 ἀγῶσι,
1069 917 1270 956 Ζπόθοδον
1297 916 1387 956 ποτὶ
1414 918 1485 956 τᾶν
1514 919 1656 967 βωλὰν

196 982 259 1021 καὶ
278 982 347 1022 τὸν
369 985 491 1032 δᾶμον
513 994 532 1013 a
545 982 704 1033 πράτοις
719 983 817 1032 μετὰ
838 984 886 1022 τὰ
908 983 1003 1033 ἱερὰ,
1024 982 1085 1022 καὶ
1105 986 1186 1024 τοῖς
1205 981 1223 1009 b
1240 984 1453 1022 κατοικέειν
1471 982 1655 1022 ἐθέλουσι

194 1051 266 1089 τὰν
296 1050 414 1089 πόλιν
445 1048 760 1102 ἀλειτουργήτοις
796 1050 894 1100 ἦμεν
929 1053 1091 1089 θπασᾶν
1116 1053 1188 1090 τᾶν
1215 1054 1475 1102 λειτουργιᾶν·
1508 1054 1653 1091 στᾶσαι
1671 1065 1708 1087 ¹0

196 1117 238 1156 δὲ
265 1118 328 1157 καὶ
350 1118 501 1159 εἰκόνας
530 1121 632 1169 τρεῖς
662 1116 681 1144 d
697 1116 1038 1170 ἑκκαιδεκαπάχεις
1067 1119 1110 1157 ἐν
1131 1119 1182 1172 τῷ
1209 1119 1480 1171 θΒοσπορείῳ,
1504 1125 1652 1170 στεφα-

196 1185 386 1235 νούμενον
412 1184 482 1224 τὸν
508 1188 630 1235 δᾶμον
657 1184 725 1224 τὸν
749 1183 975 1224 Ἀθαναίων
1006 1184 1082 1224 ὑπὸ
1113 1188 1163 1223 τῶ
1192 1184 1297 1234 δάμω
1331 1187 1404 1224 ἶτῶ
1435 1186 1653 1232 Βυζαντίων

198 1253 259 1292 καὶ
280 1252 514 1303 Περινθίων·
548 1253 781 1292 ἀποστεῖλαι
805 1253 846 1291 δὲ
870 1252 932 1291 καὶ
957 1252 1144 1303 ἕθεωρίας
1167 1253 1205 1292 ἐς
1226 1253 1293 1293 τὰς
1315 1253 1358 1291 ἐν
1380 1251 1398 1278 h
1418 1254 1464 1305 τᾷ
1485 1251 1653 1292 Ἑλλάδι
1669 1260 1704 1289 15

199 1319 474 1372 ἰπαναγύριας,
503 1319 664 1370 Ἴσθμια
700 1320 761 1359 καὶ
803 1319 938 1370 Νέμεα
975 1319 1036 1359 καὶ
1074 1318 1275 1370 Ὀλύμπια
1316 1320 1378 1359 καὶ
1411 1321 1554 1368 Πύθια,
1592 1321 1654 1360 καὶ

198 1389 434 1439 ἀνακαρῦξαι
455 1386 554 1429 1(τὼς
571 1387 776 1439 στεφάνως
798 1385 875 1429 Ῑοῖς
892 1387 1164 1439 ἐστεφάνωται
1182 1389 1201 1427 ὁ
1221 1390 1339 1437 δᾶμος
1356 1389 1375 1427 ὁ
1396 1387 1653 1429 ΗΓ’Ἄθαναίων

196 1454 261 1507 ὑφ’
286 1463 305 1482 ¹¹
319 1455 438 1505 ἡμῶν,
462 1455 565 1496 ὅπως
587 1455 842 1494 ἐπιστέωνται
864 1456 901 1494 οἱ
919 1453 1121 1497 ’Ἕλλανες
1142 1455 1239 1494 Οτάν
1260 1472 1302 1495 τε
1322 1454 1544 1496 Ἀθαναίων
1565 1457 1652 1508 ἀρε-

195 1524 268 1563 τᾶν
289 1523 351 1562 καὶ
371 1524 443 1562 τάν
464 1524 682 1570 Βυζαντίων
705 1523 766 1562 καὶ
790 1523 1011 1573 Περινθίων
1031 1522 1324 1574 Ρεύχαριστίαν.

139 1652 237 1682 μενος
257 1637 382 1671 dixerit
402 1637 629 1671 Archimedes
648 1649 682 1682 p.
698 1636 760 1682 48,
786 1634 845 1677 28,
867 1643 930 1684 35,
953 1634 1014 1681 38.
1037 1641 1072 1670 et
1091 1648 1124 1681 p.
1147 1646 1231 1682 127,
1256 1647 1316 1681 23.
1440 1633 1450 1660 i
1471 1637 1652 1684 διατελέει]

142 1691 367 1725 Seribebatur
406 1691 564 1724 διατελεῖ.
731 1687 750 1714 k
788 1688 902 1734 χρείας
941 1701 1011 1723 om.
1052 1702 1080 1723 r.
1116 1695 1196 1734 post
1233 1691 1447 1735 παρέσχηται
1485 1691 1585 1736 ponit
1617 1703 1651 1736 p.

139 1742 151 1769 Ῑ
169 1743 400 1790 παρέσχηται]
424 1744 643 1787 παράσχηται
665 1743 700 1777 S.
805 1749 834 1767 Π]
854 1742 1014 1776 Φιλίππω
1034 1743 1098 1788 τῶ]
1124 1741 1298 1787 φιλίππου
1317 1746 1378 1776 τοῦ
1399 1743 1440 1777 F.
1541 1750 1561 1768 ¹1
1582 1744 1653 1778 ἐπι-

140 1797 430 1843 στρατεύσαντος]
455 1795 764 1831 ἐπιστατεὺσαντος
787 1796 822 1831 S.
979 1801 997 1820 ⁰
1027 1796 1196 1842 δαίοντος]
1226 1796 1360 1831 δέοντος
1381 1796 1519 1836 ἙΗΩΟ.
1541 1804 1575 1831 et
1595 1810 1652 1831 Su-

139 1863 268 1896 perscr.
301 1863 322 1884 a
343 1862 392 1884 m.
420 1862 491 1885 ree.
521 1865 554 1883 αι
585 1850 620 1883 S.
785 1855 805 1882 P
832 1848 1024 1894 βοηθήσας]
1058 1850 1230 1892 βοηθῆσαι
1263 1850 1424 1889 F.S.Q.r.
1458 1856 1493 1884 et
1524 1863 1577 1896 pr.
1609 1851 1652 1885 Y.

139 1909 157 1937 q
178 1904 311 1938 πλοίοις
334 1903 572 1942 S.Q.O.t.u.v.
604 1902 828 1936 Scribebatur
846 1902 1033 1936 πλοίοισιν.
1145 1908 1160 1926 r
1178 1902 1240 1946 ἀμέ
1257 1903 1298 1936 Y.
1329 1918 1392 1947 αμε
1412 1903 1486 1937 sine
1506 1910 1654 1938 accentu

141 1957 178 1991 S.
210 1957 272 2001 ἅμε
291 1962 351 1990 hv.
381 1957 438 2000 ε’μέ
458 1969 524 2002 p.r.
557 1956 756 2002 Legebatur
775 1955 873 1999 ι’ἷμμε.
1016 1961 1030 1979 5
1051 1956 1228 2002 δεδόχθαι]
1253 1956 1405 2000 δεδόχθω
1426 1957 1650 1996 F.S.Y.Q.O.

139 2022 245 2056 p.u.v.
368 2009 375 2029 t
398 2012 445 2055 τῷ
465 2009 670 2054 Βυζαντίων]
694 2012 760 2042 τῶν
779 2008 965 2051 βυζαντίων
986 2008 1138 2054 O.p.u.v.
1260 2015 1279 2033 Π
1300 2009 1418 2055 δόμεν]
1442 2010 1557 2044 δοῦναι
1575 2011 1649 2046 Y.r.

141 2069 156 2085 x
177 2065 339 2108 ἔγκτασιν
358 2063 518 2097 Wolfius.
548 2064 686 2097 ἔκτασιν
704 2062 794 2096 libri.
878 2068 897 2095 Y
917 2062 1039 2107 οἷκιᾶν]
1064 2062 1169 2095 οἰκίαν
1183 2062 1310 2097 F.S.O.
1341 2064 1464 2096 οἰκείαν
1483 2070 1650 2110 p.r.t.u.v.

184 2120 197 2136 ε

139 2149 246 2183 οἰκίαν
266 2149 307 2183 Y.
418 2156 436 2175 Ζ
456 2150 604 2184 πόθοδον
625 2149 785 2184 Valesius
806 2150 954 2184 Emend.
976 2161 1012 2194 4,
1029 2160 1065 2196 9.
1095 2149 1246 2183 ποθολον
1268 2150 1440 2189 F.S.Y.Q.
1470 2152 1548 2185 ποθ’
1569 2152 1652 2185 ὅλον

141 2202 286 2236 O.t.u.v.
316 2204 396 2237 ποτὶ
416 2204 519 2238 θολον
539 2209 715 2237 correctus
734 2215 761 2236 r.
779 2209 813 2236 et
832 2217 886 2247 γρ.
908 2215 942 2248 p.
964 2203 1024 2248 qui
1044 2203 1118 2248 ipse
1138 2215 1207 2236 om.
1359 2209 1378 2228 ὃ
1406 2205 1548 2248 πράτοις
1567 2206 1652 2248 μετὰ

140 2255 312 2290 Valesius.
342 2270 432 2301 παρα
451 2271 523 2292 τοις
542 2258 631 2301 παρὰ
652 2256 1042 2302 F.S.Y.Q.O.p.1·.t.u.v.

141 2311 313 2343 κατοικεῖν.
471 2315 483 2330 ⁰
513 2313 626 2344 πασᾶν
655 2312 716 2343 τᾶν
744 2309 976 2355 λειτουργιᾶν]
1011 2312 1124 2342 πᾶσαν
1145 2310 1206 2342 τὰν
1224 2310 1438 2356 λειτουργίαν
1458 2311 1650 2357 F.S.Y.p.t.

140 2365 254 2396 πᾶσαν
271 2363 332 2406 τὴν
349 2362 565 2409 λειτουργίαν
586 2364 702 2397 O.u.V.
850 2360 868 2387 d
888 2362 1195 2408 ἑκκαιδεκαπάχεις]
1220 2363 1444 2397 Scribebatur
1463 2365 1649 2398 ἑκκαιδεκα-

141 2415 272 2460 πὴχεις.
429 2423 444 2441 θ
474 2417 689 2463 Βοσπορείῳ]
716 2417 917 2462 Legebatur
936 2416 1153 2462 Βοσπορίχω.
1184 2417 1406 2461 βοσπορείχω
1428 2418 1463 2458 S,
1484 2419 1579 2463 quod
1599 2424 1651 2452 est

1170 2253 1184 2275 ὓ
1205 2256 1401 2302 κατοικέειν]
1429 2257 1652 2292 Scribebatur

142 2470 349 2515 Βοσπορείῳ.
380 2472 572 2515 Βοσπόριον
591 2473 652 2504 τοῦ
673 2470 852 2512 Βυζαντίου
872 2469 974 2513 λιμήν
993 2470 1086 2515 apud
1108 2470 1229 2515 Steph.
1253 2470 1335 2515 Byz.
1357 2483 1383 2504 s.
1402 2483 1434 2505 v.
1458 2473 1648 2516 Βόσπορος,

141 2522 197 2556 cui
215 2522 282 2568 ipsi
301 2535 440 2569 quoque
462 2526 672 2568 Βοσπόρςιον
690 2524 959 2557 restituendum.
1071 2520 1086 2546 f
1101 2522 1164 2568 τῶ]
1187 2525 1254 2556 τῶν
1275 2524 1435 2563 B.S.Q.r.
1532 2531 1546 2553 ‘e'
1566 2525 1648 2558 θεω-

139 2601 212 2647 ρίας
231 2602 439 2636 Valckenar.
460 2603 572 2636 Diatr.
595 2603 716 2649 Eurip.
738 2615 771 2648 p.
796 2600 883 2648 278.
923 2603 1044 2648 δωριας
1074 2601 1341 2640 Ι““.8.Υ.(ᾆ.ι·.1;.ιι4
1383 2592 1504 2648 ὃωρειας
1532 2615 1563 2636 v.
1585 2603 1648 2636 δω-

139 2656 216 2699 ρεὰς
236 2668 270 2701 p.
292 2662 326 2689 et
346 2662 522 2689 correctus
543 2656 586 2690 O.
720 2653 741 2680 h
761 2658 802 2700 τᾷ
821 2654 1085 2690 Υιι]ὁ1(θηω·ὶιιε.
1115 2670 1151 2688 τε
1170 2655 1261 2688 libri.
1393 2653 1402 2680 i
1421 2655 1645 2702 παναγύριας]

143 2707 363 2742 scribebatur
382 2707 598 2754 πανηγύριας.
731 2706 750 2733 k
771 2710 837 2743 τὼς
857 2709 1035 2752 στεφάνως
1055 2708 1230 2742 Reiskius.
1260 2711 1308 2741 τῶ
1328 2710 1501 2753 στεφάνω.
1530 2710 1585 2743 vel
1604 2712 1652 2757 τῷ

141 2763 301 2808 στεφάνῳ
320 2762 410 2796 libri.
507 2759 517 2786 Ῑ
539 2760 588 2798 οἷς
607 2763 842 2806 ἐστεφάνωται
860 2761 1125 2796 Valckenarius.
1156 2761 1234 2794 ὅσοι
1255 2763 1484 2806 στεφανωιται
1507 2763 1540 2796 S.
1572 2762 1651 2796 ὅσοι

141 2841 358 2883 στεφάνωται
379 2840 466 2879 RQ.
502 2836 796 2882 ὧσυστεφανωται
816 2841 957 2886 Y.p.1·.t.
997 2837 1024 2874 ‹f›
1045 2828 1310 2885 σόιεττεφανωται
1331 2854 1399 2876 u.v.
1439 2838 1465 2875 ὦ
1484 2856 1648 2876 συνεστε-

141 2893 292 2935 φάνωται
315 2893 358 2927 Ο.
502 2900 531 2918 m
552 2893 752 2937 'Aae'z'uvat'mv'g
775 2897 842 2927 τῶν
860 2894 1025 2938 ἀθηναίων
1045 2906 1078 2939 p.
1217 2899 1236 2918 Π
1257 2894 1366 2940 ἡμῶν]
1390 2895 1482 2939 ὑμῶν
1503 2896 1650 2931 S.Y.t.v.

141 2951 160 2969 ⁰
179 2947 240 2980 τάν
258 2961 293 2980 τε
315 2947 492 2981 Porsonus
512 2948 655 2982 Advers.
677 2961 711 2994 p.
733 2958 818 2995 151.
849 2947 1050 2994 Legebatur
1071 2948 1204 2989 πάντες.
1232 2948 1368 2982 πάντων
1388 2948 1431 2982 Ο.
1509 2957 1528 2985 1¹
1547 2949 1648 2994 εὐχα-

140 2998 293 3045 ριστίαν]
318 2999 554 3045 είχαριστείαν
575 3002 609 3035 S.
