1882 3250
35 206 101 259 85,
119 217 147 243 6.
592 206 718 242 ΠΕΡΙ
751 204 1105 241 ΑΛΟΝΝΗΣΟΥ.
1552 203 1604 245 91

0 345 3 363 ·
98 309 233 366 νοῦσι
269 318 351 379 τῆς
392 314 584 380 εἰρήνης,
624 315 891 379 ἐλευθέρους
929 314 1003 362 καὶ
1047 311 1330 375 αὐτονόμους
1367 310 1494 372 εἶναι,
1534 315 1609 361 καὶ

98 397 176 448 ἐάν
211 420 279 450 τις
317 399 384 448 ἐπ’
421 396 584 449 αὐτοὺς
622 396 868 462 στρατεύῃ,
903 398 1093 458 βοηθεῖν
1131 392 1238 446 τοὺς
1278 399 1609 445 κοινωνοῦντας

32 484 180 544 32τῆς
223 480 415 546 εἰρήνης,
460 478 704 544 ἡγούμενοι
754 480 830 528 καὶ
873 476 1074 527 1δίκαιον
1117 482 1254 527 τοῦτο
1306 478 1381 526 καὶ
1432 474 1604 543 φιλάν-
1628 502 1664 522 ιο

99 568 301 629 θρωπον,
326 562 391 625 μὴ
416 560 559 624 μόνον
585 562 705 624 ἡμᾶς
736 562 812 610 καὶ
846 560 951 612 τοὺς
977 558 1298 624 Ῐ’ῃσυμμάχους
1328 557 1434 610 τοὺς
1460 558 1607 620 “ἡμε-

97 644 256 710 τέρους
295 645 370 694 καὶ
414 644 650 711 φίλιππον
693 642 768 690 καὶ
812 638 919 692 τοὺς
963 639 1242 706 συμμάχους
1287 637 1394 690 τοὺς
1440 639 1612 688 ἐκείνου

99 727 227 792 ἄγειν
269 725 354 789 τὴν
397 725 592 791 εἰρήνην,
635 723 740 777 τοὺς
785 723 834 774 δὲ
877 722 985 785 μήθ’
1026 723 1271 788 ἡμετέρους
1316 721 1452 774 ὄντας
1496 720 1612 784 μήτε

100 810 342 861 Φιλίππου
375 807 655 874 συμμάχους
680 809 728 858 ἐν
753 807 886 874 μέσῳ
913 809 1095 856 κεῖσθαι
1122 807 1197 855 καὶ
1230 803 1318 855 ὑπὸ
1345 808 1438 854 τῶν
1466 826 1612 869 κρειτ-
1631 830 1664 860 15

98 891 246 943 τόνων
284 890 604 952 ἀπόλλυσθαι,
644 889 775 939 ἀλλὰ
813 892 888 940 καὶ
931 889 1111 941 τούτοις
1151 887 1224 938 διὰ
1263 886 1349 950 τὴν
1390 888 1614 953 ὑμετέραν

100 973 282 1041 εἰρήνην
304 974 525 1041 ὑπάρχειν
545 972 796 1038 σωτηρίαν,
818 976 892 1022 καὶ
912 976 978 1040 τῷ
997 971 1095 1022 ὄντι
1116 969 1300 1036 εἰρήνην
1319 970 1475 1034 Οοἴγειν
1495 971 1614 1033 ἡμᾶς

34 1077 86 1119 33
101 1055 434 1119 καταθεμένους
465 1054 523 1105 τὰ
558 1055 699 1116 ὅπλα,
727 1059 864 1104 τοῦτο
890 1053 968 1104 Ρδὲ
999 1052 1052 1103 τὸ
1087 1051 1397 1118 ἐπανόρθωμα
1432 1053 1611 1115 ὁμολο-

99 1144 198 1205 γῶν
231 1141 280 1189 ἐν
311 1143 369 1205 τῇ
405 1140 650 1204 ἐπιστολῇ,
678 1140 739 1190 ὡς
773 1137 972 1198 ἀκούετε,
1001 1135 1175 1186 δίκαιόν
1209 1137 1246 1186 τ’
1276 1134 1389 1185 εἶναι
1424 1137 1499 1185 καὶ
1535 1135 1607 1185 δέ·

98 1226 282 1290 χεσθαι,
311 1222 522 1287 Φεραίων
556 1219 640 1284 μὲν
671 1218 911 1288 ἀφῄρηται
941 1219 1027 1283 τὴν
1052 1219 1196 1270 πόλιν
1221 1221 1296 1269 καὶ
1324 1218 1537 1286 φρουρὰν
1564 1219 1612 1268 ἐν
1627 1245 1665 1266 20

0 1342 3 1362 ι
98 1309 155 1373 τῇ
190 1303 443 1370 ἀκροπόλει
478 1305 784 1367 κατέστησεν,
819 1303 894 1353 ἵνα
928 1301 984 1366 δὴ
1019 1300 1265 1365 αὐτόνομοι
1297 1299 1430 1363 οἷσιν,
1465 1303 1539 1351 ἐπὶ
1571 1303 1608 1350 δ’

98 1389 394 1455 Ἀμβρακίαν
430 1387 744 1454 στρατεύεται,
782 1386 865 1440 τὰς
900 1388 936 1437 δ’
964 1389 1012 1437 ἐν
1048 1387 1326 1453 Κασσωπίᾳ
1362 1391 1482 1451 τρεῖς
1517 1384 1604 1435 πό-

623 1473 636 1490 N
1023 1472 1036 1488 X

99 1479 207 1534 λεις,
249 1472 524 1522 Πανδοσίαν
562 1494 637 1521 και
677 1470 925 1538 ἿΒούχετα
963 1493 1038 1520 και
1077 1469 1368 1529 ΓἘλάτειαν,
1405 1468 1613 1518 Ἠλείων

101 1555 326 1617 ἀποικίας,
379 1554 678 1606 κατακαύσας
728 1552 813 1617 τὴν
866 1552 1024 1619 χώραν
1077 1554 1151 1602 καὶ
1209 1556 1270 1605 εἰς
1320 1550 1404 1604 τὰς
1454 1550 1614 1602 πόλεις

102 1726 184 1771 τοῦ
210 1719 458 1772 δουλεύειν.
510 1718 725 1786 ἴσφόδρα
750 1741 804 1783 γε
830 1717 1053 1778 βούλεται
1082 1717 1189 1769 τοὺς
1213 1716 1462 1780 “Έλληνας
1488 1716 1614 1765 ἐλευ-

104 1804 264 1870 θέρους
290 1801 402 1853 εἰναι
428 1805 501 1854 καὶ
528 1802 824 1865 αὐτονόμους,
851 1803 912 1854 ὡς
939 1803 1079 1862 δηλοῖ
1100 1799 1160 1850 τὰ
1186 1800 1314 1865 ἔργα.

38 1905 94 1946 34
178 1889 295 1953 Περὶ
327 1886 375 1937 δὲ
409 1891 503 1937 τῶν
535 1886 841 1952 ὑποσχέσεων
868 1882 932 1933 ὧν
956 1891 977 1909 ¹¹
990 1885 1095 1946 ὑμῖν
1121 1886 1325 1933 διατελεῖ
1352 1881 1612 1948 ὑπισχνού-

6 1474 12 1492 't

8 1493 15 1715 ξ
101 1637 387 1701 βιασάμενος
415 1637 681 1703 παρέδωκεν
706 1634 1011 1703 Ἀλεξάνδρῳ
1039 1639 1134 1703 5τῷ
1168 1637 1373 1700 κηδεστῇ
1405 1636 1470 1701 τῷ
1505 1634 1610 1683 ἑαυ-
1631 1660 1666 1689 25

12 1727 15 1747 ἱ

14 1942 19 2038 ἱ
103 1992 236 2033 μενος
275 1972 336 2022 ὡς
377 1969 565 2034 μεγάλα
606 1970 723 2031 ὑμᾶς
762 1965 1094 2033 εὐεργετήσων,
1134 1966 1521 2033 καταψεύδεσθαί
1559 1964 1681 2036 μέ85

16 2045 19 2070 Ι

16 2103 20 2137 l

105 2059 255 2121 φησιν
281 2053 422 2102 αὐτοῦ
449 2052 772 2112 διαβάλλοντα
797 2049 914 2116 πρὸς
939 2049 1046 2103 τοὺς
1064 2048 1327 2112 “Έλληνας·
1365 2047 1497 2098 οὐδὲν
1522 2046 1616 2113 γὰρ

105 2136 209 2197 ὑμῖν
242 2135 442 2185 πώποτέ
471 2139 620 2202 φησιν
656 2136 975 2200 ὑπεσχῆσθαι.
1031 2132 1176 2185 οὕτως
1208 2131 1397 2194 ἀναιδής
1430 2133 1559 2181 ἐστιν
1593 2132 1617 2180 ὁ

18 2221 21 2291 1
105 2219 152 2267 ἐν
176 2218 408 2285 ἐπιστολῇ
435 2216 700 2284 γεγραφὼς,
727 2218 757 2281 ἤ
781 2219 882 2267 ἐστι
916 2221 997 2266 νῦν
1024 2217 1072 2265 ἐν
1097 2219 1163 2284 τῷ
1189 2214 1522 2282 βουλευτηρίῳ,
1550 2213 1614 2263 ὅτ’

19 2300 23 2383 Ἰ
106 2301 431 2363 Ἦέπιστομιεῖν
475 2301 595 2364 ἡμᾶς
645 2301 735 2368 ἔφη
786 2299 891 2353 τοὺς
937 2307 955 2325 '¹‘
973 2300 1097 2367 αὐτῷ
1147 2298 1492 2362 ἀντιλέγοντας,
1539 2296 1618 2347 ἐὰν
1631 2325 1646 2355 5

20 2385 23 2403 ί

1596 2378 1613 2396 A

106 2383 167 2446 Υὴ
212 2382 364 2449 εἰρήνη
410 2384 611 2449 γένηται,
657 2389 868 2433 τοσαῦτα
911 2390 927 2408 ²
947 2385 1062 2446 ὑμᾶς
1112 2381 1268 2447 ἀγαθὰ
1313 2379 1542 2444 ποιήσειν,
1589 2403 1618 2429 α

160 2535 171 2562 l
191 2538 316 2572 δίκαιον
337 2539 372 2572 S.
416 2539 615 2584 Legebatur
635 2539 760 2573 δίκαιον
781 2536 876 2573 εἶναι.
920 2538 1022 2572 Conf.
1045 2538 1088 2571 ad
1108 2550 1141 2583 p.
1163 2537 1246 2583 178,
1266 2548 1323 2570 10.
1432 2542 1461 2560 m
1482 2537 1618 2579 συμμά-

109 2604 191 2634 χους
211 2591 328 2626 S.Y.U.
361 2593 556 2636 ξυμμάχους
574 2592 691 2637 vulgo,
778 2598 798 2616 n
818 2591 1014 2636 ἡμετέρους]
1037 2591 1218 2635 ὑμετέρους
1238 2590 1402 2623 F.O.u.v.
1488 2594 1506 2613 0
1525 2589 1619 2633 ἵίγειν

110 2641 194 2685 ἡμᾶς
213 2643 248 2677 S.
294 2644 492 2689 Legebatur
512 2644 596 2687 ἡμᾶς
615 2644 720 2689 ἄγειν.
832 2650 851 2677 P
872 2644 907 2676 δέ
929 2656 998 2677 om.
1015 2643 1058 2676 Y.
1183 2648 1202 2674 q
1224 2641 1392 2687 Βούχετα]
1419 2641 1619 2686 Legebatur

110 2693 288 2740 Βούχεταν.
346 2697 398 2730 Ex
424 2697 595 2741 Harpocr.
620 2709 647 2730 s.
668 2709 698 2729 v.
721 2695 872 2740 Βούχετα
899 2696 1033 2729 correxi
1058 2695 1093 2727 in
1114 2695 1217 2727 Thes.
1241 2694 1410 2739 Stephani
1432 2694 1499 2727 vol.
1520 2704 1554 2726 2.
1581 2706 1616 2738 p.

109 2747 183 2792 383
202 2749 243 2782 A.
363 2755 378 2773 Γ
396 2748 590 2794 Ἐλάτειαν]
614 2748 812 2792 Ἐλάτρειαν
831 2749 867 2781 in
887 2748 983 2781 libris
1003 2747 1211 2792 quibusdam
1231 2747 1360 2779 lectum
1381 2747 1505 2791 probat
1526 2746 1618 2780 Har-

109 2810 204 2844 pocr.
230 2813 255 2834 s.
276 2814 308 2834 v.
328 2800 496 2835 Ἐλάτεια.
662 2805 676 2824 S
700 2803 746 2847 τῷ
770 2800 916 2842 κηδεστῇ
943 2802 990 2845 τῷ
1017 2798 1153 2844 ἑαυτοῦ]
1183 2801 1230 2845 τῷ
1259 2800 1379 2832 ἑαυτοῦ
1409 2799 1555 2841 κηδεστῇ
1575 2798 1617 2832 Y.

26 2868 28 2890 t
111 2850 126 2874 ἵ
145 2853 298 2898 σφόδρα]
322 2855 374 2888 καὶ
394 2854 534 2898 σφόδρα
555 2853 639 2887 O.u.
735 2858 756 2876 ¹1
777 2852 852 2895 ὑμῖν
875 2853 909 2885 S.
941 2851 1017 2895 ἡμῖν
1036 2852 1152 2897 vulgo.
1241 2857 1269 2874 W
1289 2851 1518 2896 ἐπιστομιεῖν]
1545 2851 1617 2884 ἐπι-

111 2906 248 2947 στομεῖν
266 2917 334 2940 rec.
359 2906 393 2940 S.
506 2911 526 2929 Χ
546 2905 653 2951 αὐτῷ]
679 2906 785 2952 ἑαυτῷ
805 2905 886 2938 F.S.
999 2910 1016 2936 Y
1038 2903 1055 2946 ἡ
1079 2916 1148 2937 om.
1170 2903 1380 2937 F.Y.O.u.V.
1495 2909 1512 2927 Ζ
1535 2903 1619 2947 ὑμᾶς

109 2954 216 3000 ἀγαθὰ
235 2958 390 3001 ποιήσειν
411 2958 490 2992 S.Y.
521 2958 631 3003 ἀγαθὰ
650 2957 734 3001 ἡμᾶς
753 2956 909 3000 ποιήσειν
930 2957 1041 2990 F.u.V.
1072 2956 1181 3001 ἀγαθὰ
1201 2956 1357 2999 ποιήσειν
1377 2955 1460 2999 ἡμᾶς
1482 2955 1526 2990 O.

825 3031 852 3055 x
879 3029 897 3057 2
