1903 3271
240 171 323 209 442
775 170 1202 209 ΔΗΜΟΣΘΕΝΟὙΣ
1345 166 1428 205 On.
1450 164 1590 204 XIX.
1613 178 1652 218 p.
1669 161 1768 213 418,
1786 177 1822 204 19

648 320 922 361 rIAMBEIA
964 317 1353 360 ΣΟΦΟΚΛΕΟΥΣ

783 415 838 444 ΕΞ
870 414 1163 443 SANTJPONHE.
1553 418 1556 420 ’
1771 412 1812 434 20
1864 399 1873 438 ‘z
1901 426 1903 441 1

474 491 679 545 ἀμήχανον
701 493 742 530 δὲ
764 489 910 532 παντὸς
931 490 1068 541 ἀνδρὸς
1091 492 1274 540 ἐκμαθεῖν

473 558 609 611 ψυχήν
631 575 673 598 τε
695 558 756 597 καὶ
778 559 959 609 φρόνημα
981 557 1043 597 καὶ
1063 559 1233 609 γνώμην,
1255 557 1347 608 πρὶν
1368 555 1416 595 ἂν

475 627 614 678 ἀρχαῖς
634 642 676 665 τε
699 625 760 665 καὶ
783 626 962 675 νόμοισιν
984 624 1166 675 ἐντριβὴς
1186 625 1308 680 φανῇ.

475 693 560 743 ἐμοὶ
580 694 656 744 γὰρ
678 694 786 734 ὅστις
806 695 940 732 πᾶσαν
962 693 1133 732 εὐθύνων
1154 693 1272 732 πόλιν

474 759 526 810 μὴ
546 763 623 799 τῶν
645 761 814 810 ἀρίστων
835 762 846 783 t
860 759 1021 799 ἅπτεται
1041 759 1337 810 βουλευμάτων,
1775 773 1813 802 ²5
1868 776 1876 785 ·

478 827 567 867 ἀλλ’
593 829 634 867 ἐκ
656 828 787 879 φόβου
811 835 830 854 ¹¹
845 843 912 867 του
934 830 1126 878 γλῶσσαν
1149 827 1358 878 ἐγκλείσας
1381 826 1478 879 ἔχει,

478 894 660 936 κάκιστος
682 894 782 935 εἶναι
803 898 873 934 νῦν
894 911 936 934 τε
958 895 1020 934 καὶ
1040 893 1164 934 πάλαι
1185 897 1302 934 δοκεῖ·

150 521 230 570 276

481 963 543 1003 καὶ
563 970 583 989 X
599 960 740 1013 μείζον’
764 963 872 1004 ὅστις
893 963 980 1002 ἀντὶ
1000 964 1066 1011 τῆς
1087 963 1204 1001 αὑτοῦ
1223 961 1371 1013 πάτρας
1876 995 1881 1011 .,

478 1033 601 1082 φίλου
624 1031 779 1081 νομίζει,
804 1032 942 1070 τοῦτον
958 1030 1128 1079 οὐδαμοῦ
1147 1037 1166 1066 y
1179 1028 1297 1080 λέγω.
1778 1020 1883 1092 419ΞΙ

481 1099 557 1150 ἐγὼ
579 1100 668 1150 γὰρ,
693 1106 709 1125 ²
724 1100 818 1138 ἵστω
842 1097 939 1139 Ζεὺς
960 1099 980 1137 ὁ
1003 1096 1115 1137 πάνθ’
1139 1099 1240 1149 ὁρῶν
1261 1098 1334 1145 ἀεὶ,

480 1164 557 1206 οὔτ’
581 1163 629 1205 ἂν
651 1165 892 1216 σιωπήσαιμι
912 1164 981 1214 τὴν
998 1165 1092 1215 ἄτην
1114 1166 1214 1217 ὁρῶν

155 1071 232 1113 277

481 1234 749 1286 affTeleOvffav
771 1235 906 1275 ἀστοῖς
928 1233 1013 1273 ἀντὶ
1033 1235 1098 1282 τῆς
1119 1233 1322 1283 σωτηρίας,

481 1302 561 1343 οὔτ’
582 1300 632 1342 ἂν
653 1303 776 1354 φίλον
796 1300 880 1342 ποτ’
904 1302 1026 1353 ἄνδρα
1046 1303 1247 1351 ὶ)δυσμενῆ
1267 1301 1412 1354 χθονὸς
1781 1312 1799 1342 5

483 1370 620 1420 θείμην
641 1376 654 1392 ⁰
672 1371 836 1424 ἐμαυτῷ,
859 1373 972 1409 τοῦτο
994 1370 1240 1421 γιγνώσκων,
1263 1370 1322 1409 ὅτι

483 1437 541 1487 ἥδ’
563 1437 579 1460 ‘¹
595 1437 704 1477 ἐστὶν
724 1438 747 1488 ἡ
769 1438 960 1485 σώζουσα,
985 1437 1046 1476 καὶ
1068 1437 1206 1487 ταύτης
1229 1437 1291 1476 ἔπι

484 1505 674 1548 πλέοντες
696 1513 711 1532 ‘³
726 1507 841 1558 ὀρθῆς
861 1505 948 1547 τοὺς
968 1504 1138 1557 Ϋφίλους
1158 1506 1383 1556 ποιούμεθα.

331 1592 527 1643 Τούτων
566 1588 732 1641 ἕούδὲν
757 1591 987 1657 Αἰσχίνης
1015 1587 1111 1641 εἶπε
1136 1590 1255 1656 πρὸς
1281 1590 1421 1640 αὑτὸν
1449 1592 1496 1640 ἐν
1529 1594 1586 1658 τῇ
1623 1611 1768 1656 πρεσ-
1788 1613 1828 1635 10

324 1676 335 1693 Ι
428 1676 439 1690 5
514 1675 524 1689 9
582 1675 592 1689 )
653 1676 667 1692 N
757 1672 768 1688 x
875 1677 895 1686 Λ
1022 1673 1032 1688 l
1238 1673 1249 1689 Ν
1438 1676 1449 1693 Ι
1709 1675 1720 1691 Ι

255 1680 377 1744 βειᾳ,
413 1680 514 1725 αλλ
566 1697 668 1724 αντι
713 1696 799 1738 μεν
839 1697 921 1737 της
971 1681 1155 1727 πολεως
1199 1697 1285 1734 την
1330 1678 1575 1726 Φιλιππου
1617 1674 1774 1743 ξενιαν

257 1761 332 1812 καὶ
375 1759 542 1827 φιλίαν
580 1762 751 1825 πολλῷ
792 1756 1003 1823 11μείζονα
1042 1757 1258 1823 ἡγήσατο
1297 1761 1421 1827 αὑτῷ
1463 1763 1539 1810 καὶ
1578 1765 1772 1810 λυσιτε-

257 1841 503 1907 λεστέραν,
529 1842 764 1908 ἐρρῶσθαι
802 1839 966 1891 πολλὰ
1001 1839 1195 1908 φράσας
1233 1844 1298 1910 τῷ
1333 1840 1496 1911 ἰσοφῷ
1523 1845 1775 1909 Σοφοκλεῖ,

809 1922 828 1949 k

161 1643 242 1696 278

257 1925 343 1989 τὴν
384 1924 432 1976 δὲ
473 1924 590 1989 ἄτην
642 1925 764 1990 ὁρῶν
835 1923 1126 1991 στείχουσαν
1167 1926 1296 1988 ὁμοῦ,
1341 1924 1427 1990 τὴν
1466 1927 1540 1977 ἐπὶ
1585 1925 1778 1978 Φωκέας

258 2009 550 2075 1στρατείαν,
603 2011 702 2059 ”¹013
751 2013 971 2074 προεῖπεν
1022 2009 1125 2059 οὐδὲ
1176 2009 1593 2079 ΙΟπροεξήγγειλεν,
1644 2008 1830 2062 ἀλλᾶῑε

258 2095 530 2146 τούναντίον
568 2094 837 2162 συνέκρυψε
878 2095 954 2143 καὶ
999 2094 1267 2163 συνέπραξε
1307 2096 1383 2145 καὶ
1420 2093 1562 2149 οτοὺς
1604 2099 1782 2156 βουλο-

166 2226 215 2267 27
223 2228 246 2268 9
260 2177 424 2244 μένους
464 2181 606 2228 εἰπεῖν
633 2176 931 2240 διεκώλυσεν,
958 2178 1040 2228 οὐκ
1064 2179 1379 2242 ἀναμνησθεὶς
1405 2178 1476 2229 ὅτι
1501 2179 1568 2243 ἥδ’
1597 2180 1727 2230 ἐστὶν
1752 2179 1781 2242 ἡ

316 2342 332 2361 Γ
350 2336 508 2370 Titulum
533 2348 603 2370 om.
625 2348 653 2370 r.
684 2340 842 2369 IAMBIA
861 2336 903 2369 A.
934 2336 1151 2380 Σοφοκλέους
1180 2336 1217 2380 ἐξ
1244 2334 1684 2381 Ἀντιγόνης-ποιούμεθα
1711 2347 1782 2370 om.

262 2390 376 2424 A.k.s.
425 2390 557 2424 Versus
576 2389 668 2423 inter
688 2389 820 2423 scholia
840 2395 979 2434 ponunt
997 2390 1072 2424 A.s.
1116 2389 1206 2423 Sunt
1226 2390 1320 2435 apud
1342 2390 1553 2435 Sophoclem
1578 2397 1663 2436 175.
1684 2401 1781 2436 seqq.

263 2449 278 2469 S
298 2442 511 2489 Ἀντιγόνης]
535 2442 712 2489 ἀντιγόνου
732 2454 768 2477 u.
880 2442 893 2467 t
913 2441 1071 2490 ἅπτεται]
1095 2442 1240 2486 ἅπτηται
1259 2444 1300 2477 A.
1397 2448 1412 2464 ¹¹
1432 2443 1512 2489 του]
1536 2457 1589 2476 τοι
1607 2443 1641 2477 S.
1672 2443 1733 2487 τὴν
1752 2454 1782 2477 r.

264 2518 284 2538 Χ
303 2511 443 2558 μείζον’]
467 2513 587 2555 μειζων
609 2511 644 2546 S.
762 2517 780 2544 Y
799 2511 906 2558 λέγω]
928 2493 1038 2557 λεγων
1061 2511 1095 2545 S.
1126 2526 1143 2545 ν
1163 2524 1183 2546 a
1202 2524 1248 2546 m.
1270 2513 1424 2558 antiqua.
1546 2518 1564 2537 Ζ
1582 2511 1688 2559 ἵστω]
1711 2511 1782 2547 ἴσθ’
1901 2478 1903 2536 4

264 2567 283 2599 ὁ
305 2566 340 2600 S.
371 2565 440 2601 ἴσθ’
460 2561 486 2600 ὦ
504 2566 548 2600 Y.
607 2571 626 2590 a
647 2564 872 2610 στείχουσαν]
898 2562 1090 2610 στίχουσαν
1112 2565 1198 2605 S.Q.
1220 2572 1255 2600 et
1274 2573 1451 2601 correctus
1470 2567 1512 2600 A.
1568 2562 1588 2591 b
1609 2566 1778 2612 δυσμενῆ]
1902 2562 1903 2575 ἶ

265 2619 448 2664 συμμάχου
467 2619 542 2655 A.s.
653 2624 669 2643 ὓ
690 2617 837 2665 ἐμαυτῷ]
862 2618 1008 2662 ἐμαυτοῦ
1029 2618 1074 2653 Ο.
1196 2615 1215 2644 d
1235 2619 1332 2654 ἐστὶν
1350 2619 1387 2666 ἡ]
1412 2620 1548 2654 Literas
1567 2634 1585 2654 ν
1605 2625 1640 2654 et
1658 2634 1677 2664 η
1697 2631 1718 2654 a
1735 2631 1783 2654 m.

265 2678 392 2719 quarta
409 2673 515 2707 habet
533 2672 567 2707 S.
680 2677 696 2697 θ
715 2671 835 2718 ὀρθῆς]
861 2671 969 2717 ὀρθῶς
987 2672 1065 2708 ΑΝ.
1177 2669 1193 2697 f
1209 2671 1353 2719 φίλους]
1378 2673 1500 2709 αὐτοὺς
1518 2685 1548 2709 r.
1646 2679 1668 2709 g
1687 2673 1786 2707 οὐδὲν

267 2726 450 2772 Αἰσχίνης]
475 2723 632 2771 αἷσχίνης
652 2725 750 2759 οὐδὲν
769 2726 880 2759 A.k.s.
1004 2722 1019 2745 ¹¹
1041 2726 1193 2772 μείζονα]
1218 2727 1271 2760 καὶ
1289 2727 1425 2770 μείζονα
1445 2726 1536 2766 F.Q.
1653 2723 1663 2750 ἱ
1683 2727 1787 2773 σοφῷ

267 2791 338 2813 om.
360 2779 403 2814 Ο.
561 2776 578 2800 k
609 2778 820 2823 στείχουσαν
848 2778 950 2824 ὁμοῦ]
980 2779 1171 2824 στίχουσαν
1199 2781 1285 2824 ὁμοῦ
1307 2780 1391 2819 S.Q.
1423 2781 1508 2823 ὁμοῦ
1527 2777 1739 2825 στείχουσαν
1756 2791 1786 2814 r.

267 2829 279 2856 Ῑ
300 2833 481 2878 στρατείαν
501 2831 747 2871 F.Q.O.t.u.v.
778 2832 942 2878 στρατιὰν
955 2832 1073 2878 vulgo.
1195 2838 1225 2858 ¹¹1
1246 2833 1302 2880 οὐ]
1327 2834 1405 2868 οὐδὲ
1427 2833 1500 2868 O.t.
1622 2838 1641 2858 Π
1661 2833 1786 2879 προεξ-

268 2885 442 2932 ήγγειλεν]
467 2885 663 2932 ἐξήγγειλεν
681 2885 716 2919 k.
828 2890 846 2910 0
866 2885 945 2921 τοὺς
962 2887 1212 2933 βουλομένους]
1236 2888 1296 2924 τὰς
1312 2887 1444 2929 βουλὰς
1463 2886 1539 2923 O.t.
