1882 3250
802 452 874 504 A.

502 619 1044 672 ΟΛΤΝΘΙΑΚΟΣ
1095 618 1168 669 Α.

584 895 823 924 aAlBANIOY
851 893 1089 924 ΥΠΟΘΕΣΙΣ.

131 976 305 1012 Ὄλυνθος
332 974 371 1019 ἧν
391 977 492 1011 πόλις
519 976 574 1010 ἐπὶ
594 972 768 1021 ἰ)Θρᾳ’κης,
788 974 988 1018 Ἑλληνικὸν
1007 973 1043 1007 δέ
1069 971 1196 1015 cmiv-27
1226 974 1293 1006 τῶν
1313 969 1529 1006 ἐνοικούντων
1555 972 1595 1005 τὸ

84 1039 193 1087 γένος,
212 1040 281 1074 ἀπὸ
309 1040 477 1075 Χαλκίδος
505 1042 564 1083 τῆς
592 1040 626 1074 ἐν
652 1040 792 1084 Εὐβοίᾳ·
822 1039 841 1082 ἡ
871 1039 907 1072 δέ
935 1037 1062 1072 Χαλκὶς
1084 1036 1269 1080 Ἀθηναίων
1288 1035 1438 1070 ἄποικος.
1468 1036 1631 1085 πολλοὶ7

86 1105 124 1139 δὲ
142 1106 284 1147 πόλεμοι
313 1106 366 1139 καὶ
393 1105 524 1149 ἔνδοξοι
549 1106 608 1148 τῆς
629 1102 811 1138 Ὀλύνθου·
840 1102 1029 1147 Ἀθηναίοις
1055 1116 1093 1135 τε
1120 1102 1187 1147 γὰρ
1216 1101 1428 1144 ἐπολέμησεν
1446 1099 1596 1146 ἄρχουσι

85 1172 153 1202 τῶν
181 1167 357 1212 Ἑλλήνων
384 1169 423 1202 τὸ
451 1169 598 1202 παλαιὸν
626 1168 679 1202 καὶ
707 1166 803 1202 αὖθις
832 1166 1115 1210 Λακεδαιμονίοις.
1162 1167 1275 1211 χρόνῳ
1309 1179 1346 1198 τε
1379 1164 1426 1199 εἷς
1455 1163 1597 1208 δύναμιν

84 1233 238 1278 προῆλθε
264 1234 427 1278 μεγάλην,
457 1233 510 1266 καὶ
538 1236 606 1266 τῶν
635 1235 811 1278 συγγενῶν
838 1232 973 1265 πόλεων
1002 1226 1187 1274 ἃέπῆρχεν·
1218 1227 1258 1272 ἧν
1285 1229 1350 1274 γὰρ
1380 1228 1434 1262 ἐπὶ
1463 1227 1625 1273 Θρᾴκηςς,

84 1294 176 1330 πολύ
197 1300 250 1329 en
276 1296 374 1342 γένος
403 1296 617 1330 Χαλκιδικόν.
674 1296 833 1342 Φιλίππῳ
861 1295 898 1329 δέ
926 1297 974 1341 τῷ
1000 1294 1204 1327 Μακεδόνων
1229 1293 1371 1334 βασιλεῖ
1399 1290 1596 1337 συμμαχίαν

83 1359 118 1392 οἱ
144 1356 318 1393 Ὀλύνθιοι
345 1359 581 1402 ποιησάμενοι,
603 1359 656 1392 καὶ
682 1360 912 1402 πολεμοῦντες
931 1356 1001 1401 μετ’
1022 1357 1126 1391 αὐτοῦ
1145 1356 1230 1402 πρὸς
1249 1354 1446 1399 Ἀθηναίους
1464 1356 1504 1388 τὸ
1523 1354 1594 1389 κατ’

83 1422 202 1468 ἀρχὰς,
223 1423 276 1457 καὶ
303 1425 405 1456 τοῦτο
434 1423 495 1466 μὲν
513 1423 743 1466 Ἀνθεμοῦντα
769 1422 861 1467 παρὰ
888 1423 949 1456 τοῦ
975 1421 1169 1455 Μακεδόνος
1197 1420 1390 1465 εἰληφότες,
1412 1420 1514 1454 πόλιν
1532 1419 1594 1464 ἆμ-

84 1485 346 1530 φισβητήσιμον
375 1484 569 1520 ῙΜακεδόσι
599 1487 652 1519 καὶ
682 1484 886 1526 Ὀλυνθίοις,
917 1488 1020 1519 τοῦτο
1053 1485 1090 1519 δέ
1119 1484 1315 1524 Ποτίδαιαν,
1344 1482 1384 1527 ἣν
1409 1481 1648 1527 Ἀθηναίωνιο

86 1549 232 1594 ἐχόντων
255 1549 523 1596 ἐκπολιορκήσας
542 1552 560 1584 ὁ
580 1550 751 1586 Φίλιππος
769 1549 962 1584 Ὀλυνθίοις
980 1549 1183 1594 παρέδωκεν,
1200 1546 1374 1593 ἕῦστερον
1393 1546 1595 1582 ὑποπτεύειν

84 1615 228 1660 ἤρξαντο
260 1615 320 1648 τὸν
347 1616 508 1656 βασιλέα,
538 1616 681 1660 ὁρῶντες
717 1615 820 1648 αὐτοῦ
853 1615 990 1658 ταχεῖαν
1018 1613 1071 1647 καὶ
1105 1612 1241 1655 πολλὴν
1273 1612 1334 1655 τὴν
1367 1613 1522 1656 αὔξησιν,
1554 1613 1594 1647 οὗ

85 1679 210 1722 πιστὴν
229 1679 266 1713 δέ
293 1679 354 1722 τὴν
371 1681 519 1725 γνώμην.
562 1679 800 1722 ἀποδημοῦντα
828 1679 865 1712 δέ
893 1678 1102 1723 τηρήσαντες
1130 1677 1244 1716 αὐτὸν,
1265 1676 1464 1721 πέμψαντες
1482 1676 1592 1722 πρέσ-
1608 1684 1644 1717 15

82 1744 157 1784 βεις
183 1743 268 1788 πρὸς
293 1741 491 1787 Ἀθηναίους
519 1742 750 1777 κατελύσαντο
779 1743 839 1776 τὸν
858 1742 943 1787 πρὸς
968 1741 1091 1776 αὐτοὺς
1115 1742 1279 1784 πόλεμον,
1298 1742 1474 1775 ποιοῦντες
1492 1743 1594 1775 τοῦτο

83 1807 175 1852 παρὰ
205 1807 266 1842 τὰς
289 1806 457 1850 συνθήκας
484 1803 571 1841 11τὰς
594 1807 679 1852 πρὸς
709 1804 895 1840 Φίλιππον·
926 1802 1178 1839 ἰσυνετέθειντο
1203 1805 1269 1850 γὰρ
1299 1805 1351 1838 καὶ
1376 1807 1466 1847 κοινῇ
1489 1807 1592 1839 πολε-

82 1872 158 1915 μεῖν
183 1871 269 1916 πρὸς
296 1869 504 1915 Ἀθηναίους,
535 1869 594 1904 κᾶν
622 1871 710 1904 ἄλλο
738 1885 772 1904 τι
801 1871 898 1915 δόξῃ,
930 1872 1021 1912 κοινῇ
1050 1869 1275 1903 σπείσασθαι.
1311 1870 1329 1902 ὁ
1359 1869 1395 1903 δέ
1423 1866 1595 1905 Φίλιππος

83 1935 189 1969 πάλαι
215 1935 277 1979 μέν
304 1935 514 1981 προφάσεως
543 1935 594 1969 ἐπ’
622 1935 744 1970 αὐτοὺς
772 1935 940 1978 δεόμενος,
963 1933 1040 1968 τότε
1069 1934 1105 1968 δέ
1135 1930 1285 1977 Κταύτην
1312 1934 1442 1974 λαβὼν,
1465 1933 1508 1968 ὡς
1534 1934 1593 1969 τὰς
1605 1944 1646 1966 20

81 1999 249 2043 συνθήκας
287 1999 545 2044 παραβεβηκόσι
584 2000 636 2032 καὶ
668 1999 754 2044 πρὸς
787 1998 866 2033 τοὺς
902 1998 1044 2042 ἐχθροὺς
1071 1998 1149 2032 τοὺς
1178 1999 1298 2031 ἑαυτοῦ
1326 1996 1447 2041 φιλίαν
1475 1998 1592 2032 ε’σπει-

81 2062 218 2107 σμένοις
244 2062 397 2105 πόλεμον
416 2062 609 2108 ἐπήνεγκεν.
659 2063 690 2096 οἱ
719 2063 755 2096 δέ
774 2064 981 2107 πεπόμφασι
1000 2063 1166 2107 πρέσβεις
1187 2062 1233 2096 εἷς
1251 2061 1393 2105 Ἀθήνας
1412 2063 1489 2108 περὶ
1506 2064 1591 2106 βοη-

82 2126 183 2166 θείας,
198 2124 248 2161 οἷς
263 2127 280 2159 ὁ
294 2126 514 2170 Δημοσθένης
529 2123 778 2171 Ῑσυναγορεῦει,
792 2127 929 2169 βοηθεῖν
949 2125 1094 2160 κελεύων
1113 2127 1183 2160 τοῖς
1200 2124 1405 2161 Ὀλυνθίοις.
1435 2126 1489 2159 καί
1501 2128 1591 2171 φησι
1603 2137 1641 2170 ²5

82 2188 142 2233 τὴν
165 2189 352 2223 Ὀλυνθίων
381 2189 551 2234 σωτηρίαν
576 2188 772 2233 ἀσφάλειαν
799 2186 922 2223 ωεῖναι
950 2193 1017 2223 τῶν
1049 2189 1244 2232 Ἀθηναίων·
1277 2188 1476 2233 σωζομένων
1503 2190 1591 2236 ι’γὰρ

82 2255 149 2286 τῶν
166 2251 364 2295 Ὀλυνθίων,
385 2253 548 2287 οὐδέποτε
568 2252 660 2297 ἥξειν
679 2253 726 2288 εἷς
752 2253 813 2297 τὴν
831 2252 986 2297 Ἀττικὴν
1005 2253 1186 2292 Φίλιππον,
1207 2252 1298 2286 ἀλλὰ
1318 2254 1388 2288 τοῖς
1406 2252 1593 2297 Ἀθηναίοις

83 2315 242 2362 ἐξουσίαν
268 2317 411 2352 ἔσεσθαι
438 2319 538 2351 πλεῖν
565 2317 620 2352 ἐπὶ
648 2317 709 2361 τὴν
728 2317 938 2351 Μακεδονίαν
963 2317 1054 2351 κάκεῖ
1081 2317 1255 2351 ποιεῖσθαι
1282 2317 1342 2351 τὸν
1369 2318 1531 2361 πόλεμον·
1563 2315 1627 2354 εἷ8

82 2381 120 2415 δὲ
148 2381 214 2415 ὑπὸ
241 2381 401 2429 Φιλίππῳ
429 2383 588 2428 Ογένοιτο
617 2381 636 2426 ἡ
664 2383 766 2418 πόλις
793 2380 888 2427 αὕτη,
918 2381 1070 2416 ἀνεῖσθαι
1099 2381 1160 2426 τὴν
1189 2381 1245 2415 ἐπὶ
1275 2381 1378 2417 Ρτοὺς
1395 2380 1593 2425 Ἀθηναίους

135 2528 156 2548 a
180 2528 392 2557 AIBANIOY
416 2524 656 2571 ΥΠΟΘΕΣῙΣ]
690 2524 854 2560 ὑπόθεσις
875 2525 983 2570 λόγου
1011 2523 1211 2557 ὀλυνθιακοῦ
1236 2538 1267 2557 α.
1290 2523 1372 2558 B.F.
1403 2523 1593 2568 προθεωρία

83 2578 144 2610 τοῦ
162 2578 296 2621 πρώτου
314 2578 422 2623 λόγου
442 2577 486 2612 O.
515 2577 706 2623 προθεωρῖα
724 2591 759 2612 u.
885 2575 901 2597 1>
922 2576 1070 2623 Θρᾴκης]
1095 2577 1218 2622 θράκην
1239 2575 1324 2610 B.F.
1453 2580 1469 2601 ⁰
1488 2575 1591 2619 ταύτῃ

83 2631 150 2662 τῶν
168 2629 336 2664 Y.O.u.v.
365 2629 490 2673 ταύτην
509 2633 575 2664 τῶν
595 2631 680 2665 B.F.
821 2627 842 2657 d
862 2631 1008 2676 ἐπῆρχεν
1029 2630 1115 2664 B.F.
1146 2630 1323 2673 ὑπερεῖχεν
1341 2629 1458 2674 vulgo.
1489 2629 1593 2674 ἔσχεν

85 2692 206 2728 margo
224 2683 267 2717 Y.
365 2690 383 2710 θ
402 2697 435 2717 τι
454 2695 524 2717 om.
544 2684 587 2717 Y.
680 2681 696 2708 f
713 2683 904 2728 Μακεδόσι]
927 2684 979 2717 καὶ
997 2683 1159 2726 μακεδόσι
1180 2681 1298 2716 O.u.v.
1390 2688 1411 2717 g
1427 2679 1590 2728 ὕστερον]

84 2732 228 2780 ὕστερον
246 2736 282 2770 δὲ
301 2735 345 2772 Y.
416 2733 432 2758 ¹¹
451 2737 511 2771 τὰς
530 2748 600 2770 om.
621 2736 666 2771 Ο,
751 2734 763 2762 i
782 2736 1032 2783 συνετέθειντο]
1057 2735 1270 2770 συνετέθειτο
1289 2734 1408 2769 O.u.V.
1474 2731 1490 2755 ¹³
1510 2733 1590 2769 ταύ-

83 2789 162 2835 την]
186 2791 292 2822 ταῦτα
310 2801 345 2823 u.
439 2785 448 2808 ¹
468 2788 704 2835 συναγορεύει]
730 2789 949 2835 συνηγορεὺει
969 2789 1013 2824 O.
1106 2794 1137 2813 m
1157 2785 1239 2822 εἶναι
1257 2791 1325 2822 τῶν
1343 2786 1529 2831 Ἀθηναίων
1547 2789 1590 2823 Y.

82 2842 150 2875 τῶν
168 2840 330 2884 ἀθηναίων
350 2838 433 2876 εἶναι
451 2842 569 2888 vulgo.
692 2848 712 2867 ¹²
732 2842 814 2889 γὰρ]
839 2843 875 2877 δέ
896 2843 981 2877 B.F.
1107 2846 1126 2866 ⁰
1145 2841 1295 2887 γένοιτο]
1318 2841 1453 2887 γένηται
1472 2841 1590 2877 O.u.v.

489 2904 523 2924 ας
630 2904 667 2924 ας

85 2941 104 2972 Ρ
123 2935 201 2971 τοὺς
218 2935 431 2984 Ἀθηναίους]
456 2952 534 2974 τους
548 2938 725 2982 ἀθηναιους
743 2938 785 2972 Y.

140 3000 237 3027 VOL·
255 3000 286 3029 Ῑ.
826 3003 848 3029 C
