1882 3250
40 203 80 244 p.
102 203 193 238 110,
217 206 249 230 s.
459 193 585 229 ΠΕΡΙ
616 192 732 229 ΤΩΝ
765 192 837 229 ΕΝ
869 190 1236 240 ΧΕΡΡΟΝῙ-ΙΣΩῙ.
1539 187 1622 229 117

105 302 330 368 πρέσβεις
372 302 622 365 ἐκπέμπειν
664 306 929 368 Ῡπανταχοῖ
966 299 1074 354 τοὺς
1117 298 1409 367 διδάξοντας,
1456 303 1615 350 νουθε-

41 393 91 448 83
106 384 354 449 τήσοντας,
387 384 656 453 πράξοντας
695 384 824 435 Ζὅσα
861 382 917 434 ἂν
950 382 1176 434 δύνωνται
1208 387 1266 449 τῇ
1301 381 1452 433 πόλει·
1491 382 1621 448 παρὰ

105 468 262 519 πάντα
298 474 446 518 ταῦτα
470 468 577 521 τοὺς
610 469 684 519 ἐπὶ
710 473 805 521 τοῖς
843 467 1096 534 πράγμασι
1122 468 1498 531 δωροδοκοῦντας
1536 487 1615 515 κο-
1635 483 1652 512 5

107 551 262 616 λοίζειν
299 554 374 602 καὶ
411 556 567 615 μισεῖν
604 556 892 617 ἶῒιπανταχοῦ,
931 551 985 601 ἵν’
1015 553 1057 600 οἱ
1094 550 1271 615 με’τριοι
1309 551 1385 599 καὶ
1420 549 1622 602 δικαίους

105 633 296 688 ῧαὺτοὺς
345 635 626 702 παρέχοντες
675 636 724 685 εὖ
769 638 1120 696 βεβουλεῦσθαι
1171 637 1347 684 δοκῶσι
1399 635 1475 683 καὶ
1525 638 1620 686 τοῖς

107 719 276 772 ἄλλοις
311 741 385 769 και
412 719 603 771 ἑαυτοῖς.
647 717 728 769 ὓᾶν
754 720 874 769 οὕτω
909 723 1005 772 τοῖς
1038 740 1292 784 πραγμασι
1326 720 1510 784 χρῆσθε
1548 719 1623 767 καὶ

107 800 388 866 ἀπαύσησθε
439 803 776 868 ὀλιγωροῦντες
827 802 1061 864 ἁπαντων,
1107 802 1223 855 ι’σως
1264 800 1334 863 ἂν,
1383 801 1499 854 ’ἴσως
1549 803 1624 851 καὶ

42 892 123 948 84
141 891 223 936 νῦν
261 885 327 936 ε”τι
364 885 568 947 ῗβελτίω
594 908 787 951 γενοιτο.
828 890 866 936 εἰ
896 908 1053 949 μεντοι
1091 888 1363 935 καθεδεῖσθε
1399 907 1508 951 αχρι
1541 889 1679 935 refixo

108 971 374 1034 θορυβῆσαι
420 970 496 1019 καὶ
539 968 780 1020 ἐπαινέσαι
824 968 1182 1034 σπουδάζοντες,
1221 967 1301 1018 ἐὰν
1340 967 1420 1018 g&
1461 967 1540 1035 δέῃ
1580 989 1626 1017 τι

106 1057 253 1104 ποιεῖν
283 1052 599 1115 ἀναδυόμενοι,
627 1054 713 1120 οὐχ
747 1054 840 1118 ὁρῶ
877 1052 1024 1118 λόγον
1051 1052 1184 1106 ὅστις
1218 1052 1326 1102 ἄνευ
1362 1057 1444 1103 τοῦ
1471 1055 1626 1114 ,ποιεῖν

110 1138 226 1201 ὑμᾶς
253 1134 284 1187 ἃ
306 1137 537 1204 προσήκει
563 1136 814 1201 δυνήσεται
838 1135 924 1200 τὴν
950 1135 1093 1187 πόλιν
1119 1134 1324 1186 σῶσαιὴ.

833 1531 893 1578 Θ.

471 1700 695 1754 ΚΑΤΑ
744 1700 1150 1753 ΦΙΛΙΠΠΟΤ
1201 1700 1268 1753 Γ.

755 1918 992 1946 ΥΠΟΘΕΣΙΣ.

165 2005 275 2049 Ἀπλῆ
295 2007 355 2040 τοῦ
374 2007 482 2051 λόγου
500 2004 623 2039 τούτου
643 2004 661 2048 ἡ
682 2005 857 2040 ὑπόθεσις·
890 2006 1063 2039 Φιλίππου
1082 2007 1147 2051 γὰρ
1173 2004 1267 2052 λόγῳ
1289 2006 1351 2050 μὲν
1372 2005 1503 2051 εἰρήνην
1522 2006 1626 2052 ἄγον-

113 2085 184 2113 τος,
205 2073 292 2118 ἔργῳ
321 2071 357 2105 δὲ
385 2071 500 2104 πολλὰ
520 2069 726 2110 ἀδικοῦντος,
748 2070 977 2113 συμβουλεύει
1006 2073 1076 2106 τοῖς
1093 2069 1282 2114 Ἀθηναίοις
1301 2072 1319 2104 ὁ
1341 2070 1454 2117 ῥήτωρ
1482 2071 1629 2115 ἀναστῆ-

114 2149 166 2169 ναι
203 2136 257 2169 καὶ
286 2133 476 2178 ἀμύνασθαι
505 2135 565 2168 τὸν
594 2135 755 2175 βασιλέα,
785 2134 829 2170 ὡς
861 2133 1014 2169 κινδύνου
1045 2136 1195 2181 μεγάλου
1226 2137 1279 2170 καὶ
1307 2136 1422 2171 αὐτοῖς
1450 2139 1627 2182 ἐπικρεμα-

112 2197 215 2241 μένου
235 2198 288 2231 καὶ
306 2198 393 2230 πᾶσι
413 2199 504 2239 κοινῇ
527 2198 598 2231 τοῖς
611 2196 794 2240 ’Έλλησιικ

120 2293 208 2366 Π
214 2311 513 2376 ΟΛΛΩΝ,(3
529 2313 690 2379 ἄνδρες
706 2314 965 2378 Ἀθηναῖοι,
977 2314 1137 2380 λόγων
1156 2313 1446 2380 γιγνομένων
1463 2313 1629 2380 ὀλίγου
1648 2333 1727 2361 110

114 2396 207 2446 δεῖν
246 2397 346 2446 καθ’
389 2395 594 2461 ἑκάστην
632 2397 891 2461 ἐκκλησίαν
926 2400 1031 2464 περὶ
1067 2396 1131 2448 ὧν
1169 2399 1423 2459 Φίλιππος,
1459 2398 1540 2465 ἀφ’
1577 2397 1631 2447 οὗ

112 2478 199 2543 τὴν
233 2479 416 2546 εἰρήνην
440 2479 711 2544 ἐποιήσατο,
739 2482 792 2532 οὐ
819 2480 963 2546 μόνον
991 2483 1109 2546 ὑμᾶς
1141 2480 1271 2532 ἀλλὰ
1299 2483 1374 2531 καὶ
1400 2480 1507 2534 τοὺς
1533 2480 1626 2531 ἆλ-

168 2637 188 2664 Y
215 2631 401 2677 πανταχοῖ]
434 2634 609 2677 πανταχοῦ
630 2633 718 2669 F.Y.
856 2639 874 2659 Ζ
904 2633 1125 2668 ὅσα-πόλει
1145 2646 1214 2668 om.
1234 2646 1286 2679 pr.
1310 2634 1345 2667 S.
1376 2633 1485 2666 πάντα
1511 2630 1632 2665 ὅσα-

116 2685 214 2718 πόλει
232 2697 301 2719 rec.
325 2685 360 2719 S.
446 2689 461 2705 a
481 2688 655 2731 πανταχοῦ
677 2688 711 2721 S.
742 2687 943 2733 Legebatur
962 2688 1013 2722 ἀεὶ
1035 2688 1085 2721 καὶ
1107 2689 1175 2730 (καὶ
1195 2699 1265 2721 om.
1287 2699 1339 2732 pr.
1362 2685 1423 2730 O.)
1444 2687 1631 2730 πανταχοῦ.

115 2733 136 2762 b
156 2737 276 2773 αὑτοὺς
299 2738 334 2773 S.
366 2739 504 2774 ἑαυτοὺς
522 2740 640 2785 vulgo.
751 2746 766 2765 ⁰
785 2739 826 2774 ἂν
848 2741 882 2775 S.
904 2747 938 2775 et
957 2756 1012 2787 γρ.
1035 2741 1077 2775 Y.
1098 2742 1193 2787 vulg.
1215 2740 1285 2774 κῖίν.
1390 2736 1409 2763 d
1428 2738 1627 2785 παύσησθε]

115 2804 268 2860 παύεσθε
288 2825 331 2859 Ο.
444 2833 460 2852 θ
481 2828 539 2860 νῦν
557 2828 607 2860 ἔτι
627 2839 697 2860 om.
718 2839 769 2872 pr.
792 2828 835 2861 Y.
934 2825 949 2853 f
964 2827 1110 2874 βελτίω]
1135 2828 1176 2861 τὰ
1195 2827 1300 2861 λοιπὰ
1318 2827 1447 2867 βελτίω
1468 2826 1630 2861 F.O.u.V.

116 2879 243 2919 βελτίω
262 2880 303 2913 τὰ
322 2880 426 2913 λοιπὰ
445 2880 534 2914 AX.
654 2886 674 2914 g
695 2881 730 2914 δὲ
751 2893 820 2915 om.
843 2882 878 2916 S.
1003 2879 1021 2908 h
1046 2881 1087 2915 In
1109 2882 1192 2916 B.S.
1214 2881 1449 2927 subscriptum
1469 2880 1546 2925 περὶ
1566 2882 1634 2913 τῶν

118 2943 153 2976 ἐν
181 2942 392 2991 χερρονήσῳ.
426 2933 705 2993 }ffl.{X1AAAA.
730 2947 854 2993 (590.)
904 2946 944 2980 In
976 2947 1011 2980 S.
1041 2947 1211 2987 additum,
1240 2947 1325 2991 μετὰ
1353 2948 1476 2980 τοῦτον
1504 2946 1522 2978 ὁ
1551 2944 1634 2979 κατὰ

118 2996 291 3039 φιλίππου
310 2997 432 3042 τρίτος.
