1882 3250
34 180 190 226 ——206,
206 193 256 218 22.
578 180 723 217 ’ΥΠΕΡ
753 177 1248 215 ΜΕΓΑΛΟΠΟΛΙΤΩΝ.
1582 176 1666 218 219

92 306 141 349 17
156 288 434 355 συμμάχους
471 288 739 352 ἐποιήσατο,
776 287 824 336 ἕν
862 309 906 336 τι
944 289 1056 336 Χκαὶ
1093 285 1146 336 τὸ
1184 284 1325 336 “ab-rb
1364 286 1665 350 Ζβουλομένη

153 374 222 422 ἀεὶ
254 373 491 437 πράττειν.
547 371 649 421 ἔστι
680 371 728 420 δὲ
762 375 898 420 τοῦτο
933 369 1007 428 τίς
1047 367 1153 420 τοὺς
1188 368 1511 430 ἀδικουμένους
1537 368 1666 417 anch-

151 455 257 521 ζειν.
319 460 355 505 εὶ
394 456 547 505 τοίνυν
573 453 729 504 ὶ’ταῦθ’
758 455 904 506 οὕτως
943 453 1048 519 ἔχει,
1085 453 1227 502 οὐκέτ’
1257 451 1315 501 ἂν
1350 453 1476 515 ἡμεῖς
1511 452 1666 515 ε’ίημεν

152 541 194 586 οἱ
224 535 648 599 μεταβαλλόμενοι,
675 537 785 586 ἀλλ’
815 539 856 585 οἱ
891 534 956 598 μὴ
988 535 1202 587 θέλοντες
1239 539 1333 588 τοῖς
1366 535 1555 586 δικαίοις
1587 536 1664 595 ἐμ-
1681 546 1762 584 206

151 621 317 683 μένειν,
344 622 420 669 καὶ
453 619 718 686 φανήσεται
757 618 815 668 τὰ
848 617 1108 683 πράγματα
1139 618 1232 666 οοἰεὶ
1265 616 1340 666 διὰ
1373 615 1479 669 τοὺς
1513 622 1659 666 πλεο-

152 707 323 753 νεκτεῖν
348 702 666 764 βουλομένους
692 698 1102 764 μεταβαλλόμενα,
1129 700 1215 764 οὐχ
1241 700 1268 761 ἡ
1295 698 1434 751 πόλις
1460 699 1604 761 ἡμῶν.

89 792 137 832 18
225 791 437 835 Δοκοῦσι
465 784 518 834 δέ
544 806 621 846 μοι
649 781 1005 845 Λακεδαιμόνιοι
1030 781 1162 844 μάλα
1189 784 1350 831 δεινῶν
1376 780 1665 846 ἀάνθρώπων

149 868 288 933 ἔργον
337 872 500 917 ποιεῖν.
574 872 690 916 θνῦν
733 865 827 930 γάρ
873 869 1025 931 φασιν
1075 866 1235 914 ἐκεῖνοι
1279 868 1372 914 δεῖν
1415 862 1695 919 ῘηἨλειόυς5

149 951 233 1013 μὲν
276 954 359 1014 τῆς
401 949 667 1017 Τριφυλίας
713 949 816 999 τινὰ
863 948 1168 1009 κομίσασθαι,
1212 948 1473 999 Φλιασίους
1518 945 1567 996 δὲ
1611 945 1664 996 τὸ

149 1033 458 1099 Τρικάρανον,
498 1033 676 1084 ἄλλους
717 1031 771 1081 δέ
808 1054 936 1084 τινας
975 1035 1069 1081 τῶν
1106 1029 1352 1095 Ἀρκάδων
1389 1029 1474 1093 τὴν
1513 1031 1665 1079 αὑτῶν

149 1119 224 1166 καὶ
261 1114 343 1166 τὸν
383 1113 602 1180 Ὠρωπὸν
640 1115 774 1177 ἡμᾶς,
815 1115 901 1180 οὐχ
938 1115 992 1163 ἵν’
1031 1113 1255 1165 ἑκάστους
1294 1114 1426 1175 ἡμῶν
1464 1113 1666 1162 ἕῖδωσιν

158 1198 179 1215 ν
415 1197 427 1213 x
459 1196 478 1222 h
531 1199 541 1211 ε
589 1201 609 1210 ›-
721 1197 730 1210 ›
765 1198 773 1207 -
815 1197 824 1211 ³
876 1197 886 1213 t
998 1195 1007 1221 j
1076 1201 1101 1222 a,
1153 1197 1163 1212 ³
1223 1195 1234 1212 x
1311 1195 1323 1213 x
1402 1195 1419 1213 ‚x
1594 1195 1606 1209 t

150 1221 341 1264 εχοντας
374 1220 433 1247 τα
488 1219 654 1258 αυτων,
682 1199 764 1245 ουδ
805 1203 970 1260 ολιγου
1024 1198 1089 1245 δει
1143 1199 1235 1263 οψε
1267 1219 1358 1260 γαρ
1393 1219 1450 1245 αν
1485 1203 1659 1264 φιλαν-

87 1286 328 1347 19θρωποι
372 1279 630 1344 1(γε’νοιντο·
684 1280 793 1328 ἀλλ’
834 1279 910 1328 ἵνα
955 1283 1077 1328 πᾶσι
1122 1283 1297 1328 δοκῶσι
1341 1279 1664 1344 συμπράττειν
1681 1305 1719 1326 10

149 1363 275 1416 ὅπως
317 1361 401 1412 Ῑᾶν
451 1363 643 1412 ἕκαστοι
685 1369 714 1386 ¹¹¹
733 1362 1021 1424 κομίσωνται
1069 1362 1197 1410 ταῦθ’
1243 1360 1273 1410 ἅ
1317 1365 1469 1428 φασιν
1513 1362 1665 1410 αὑτῶν

147 1444 273 1507 εἶναι,
300 1446 389 1495 “ἵν’
418 1444 603 1495 ἐπειδᾶν
642 1444 777 1494 ’ίωσιν
815 1445 890 1494 ἐπὶ
927 1442 1197 1507 Μεσσήνην
1235 1444 1406 1504 θαύτοὶ,
1443 1465 1659 1508 συστρα-

146 1527 367 1578 τεύωνται
405 1527 575 1580 πάντες
613 1528 767 1579 αὐτοῖς
805 1526 933 1576 οὗτοι
971 1528 1045 1575 καὶ
1082 1530 1296 1589 βοηθῶσι
1335 1525 1600 1591 προθύμως,
1635 1523 1664 1589 ἢ

146 1613 350 1660 δοκῶσιν
385 1613 568 1671 ἀδικεῖν,
600 1612 735 1674 Ι)περὶ
773 1607 836 1659 ῶν
877 1610 1066 1677 ε”φασαν
1105 1610 1295 1659 ἕκαστοι
1332 1613 1477 1675 σφῶν
1512 1610 1665 1659 αὐτῶν

148 1692 261 1744 εἶναι
299 1693 596 1761 συμψήφους
635 1692 864 1753 λαβόντες
904 1694 1113 1755 ἐκείνους,
1152 1692 1216 1756 μὴ
1253 1693 1338 1756 τὴν
1376 1694 1538 1755 ὁμοίαν
1574 1694 1715 1748 oab-15

84 1781 244 1830 αοτοῖς
278 1776 414 1843 χάριν
450 1775 761 1829 ἀποδιδόντες.
820 1775 911 1841 ἐγὼ
947 1776 995 1826 δὲ
1031 1775 1197 1840 νομίζω
1232 1775 1317 1839 τὴν
1351 1774 1495 1826 πόλιν
1527 1780 1658 1841 πρῶ-

146 1881 228 1909 τον
265 1859 349 1920 μὲν
385 1862 459 1908 καὶ
497 1861 638 1925 χωρὶς
672 1864 755 1908 τοῦ
791 1861 1068 1926 καθυφεῖναί
1093 1867 1252 1912 (Ιτινας
1283 1859 1664 1921 Λακεδαιμονίοις

146 1941 392 2006 Ἀρκάδων
428 1939 649 2006 Ὠρωπὸν
689 1940 746 1991 ἂν
786 1943 1077 2004 κομίσασθαι
1123 1943 1197 1991 καὶ
1240 1946 1333 2002 μετ’
1372 1942 1568 2002 ἐκείνων,
1606 1939 1665 1991 ἇν

145 2022 204 2072 τὰ
249 2024 401 2073 δίκαια
450 2028 596 2073 ποιεῖν
647 2024 860 2086 ἐθέλωσι,
901 2026 1007 2073 Γκαὶ
1057 2023 1174 2086 μετὰ
1217 2027 1310 2072 τῶν
1355 2023 1521 2072 ἄλλων
1569 2028 1663 2073 τῶν

147 2107 228 2155 οὐκ
278 2105 498 2168 οἰομένων
549 2109 642 2156 δεῖν
688 2107 929 2170 Θηβαίους
973 2108 1082 2155 Ξέἇν
1133 2107 1253 2172 ε”χειν
1299 2104 1359 2155 τὰ
1408 2104 1656 2171 ἀλλότρια.
1676 2134 1717 2155 20

83 2212 131 2240 21
148 2193 185 2238 εἰ
223 2192 263 2239 δ’
303 2189 394 2254 ἄρα
436 2190 557 2239 τοῦτ’
599 2191 798 2252 εὔδηλον
837 2190 946 2252 ἡμῖν
984 2189 1178 2253 γένοιτο,
1219 2188 1288 2238 ὅτι
1330 2189 1394 2252 μὴ
1434 2192 1663 2239 Λακεδαι-

145 2272 332 2334 μονιόυς
371 2274 532 2325 ἐῶντες
569 2272 654 2335 τὴν
692 2272 1066 2336 Πελοπόννησον
1106 2273 1535 2339 καταστρέψασθαι
1576 2274 1663 2339 οὐχ

200 2427 218 2446 X
239 2422 291 2455 καὶ
311 2433 380 2456 om.
402 2434 454 2467 pr.
477 2423 513 2457 S.
601 2429 619 2456 y
640 2422 738 2468 αὐτὸ]
763 2423 844 2456 αὐτὸ
864 2424 971 2456 πᾶσιν
993 2422 1036 2456 O.
1123 2428 1140 2447 Ζ
1159 2422 1351 2465 βουλομένη
1371 2423 1422 2456 ἀεὶ
1443 2424 1479 2458 S.
1511 2422 1560 2456 ἀεὶ
1579 2425 1663 2463 βου-

145 2475 270 2518 λομένη
290 2476 409 2520 vulgo.
439 2476 632 2519 βουλομένη
653 2477 760 2509 πᾶσιν
780 2476 830 2509 ἀεὶ
850 2477 891 2509 A.
1021 2482 1039 2500 a
1060 2475 1196 2521 σώζειν]
1218 2475 1267 2508 ἀεὶ
1288 2477 1407 2517 σώζειν
1429 2477 1463 2509 S.
1485 2488 1505 2509 a
1524 2488 1569 2509 m.
1591 2488 1659 2510 rec.

146 2523 165 2551 b
186 2527 276 2561 ταῦθ’
299 2528 333 2561 S.
374 2528 572 2573 Legebatur
591 2528 698 2562 τοῦθ’.
851 2535 867 2553 0
887 2528 937 2562 ἀεὶ
957 2529 1011 2561 διὰ
1031 2529 1109 2563 τοὺς
1132 2530 1165 2561 S.
1208 2529 1406 2573 Logebatnr
1426 2529 1479 2561 διὰ
1498 2530 1576 2563 τοὺς
1596 2529 1659 2563 ἀεί.

146 2575 166 2604 d
184 2579 367 2624 ἀνθρώπων
386 2582 486 2626 ἔργον
509 2582 543 2614 S.
584 2582 783 2626 Legebatur
802 2582 902 2627 ἔργον
921 2582 1116 2626 ἀνθρώπων.
1269 2588 1284 2605 e
1306 2584 1362 2614 νῦν
1385 2582 1420 2615 S.
1462 2582 1662 2626 Legebatur

148 2633 229 2666 νυνί.
331 2630 346 2657 f
361 2632 537 2679 Ἠλείους]
564 2637 678 2677 ηλιους
701 2636 737 2668 S.
845 2641 865 2667 g
884 2633 1021 2680 ἴδωσιν]
1048 2633 1183 2667 εἴδωσιν
1205 2634 1282 2677 (sic)
1305 2636 1345 2667 Α.
1450 2631 1470 2658 h
1491 2635 1600 2667 αὑτῶν
1622 2635 1658 2668 S.

147 2686 271 2719 ἑαυτῶν
290 2687 407 2731 vulgo.
514 2685 523 2711 i
545 2687 611 2731 δεῖ]
635 2688 704 2720 δεῖν
723 2689 766 2721 A.
878 2684 898 2711 k
918 2688 1070 2732 γένοιντο
1093 2688 1128 2721 S.
1167 2687 1367 2732 Legebatur
1386 2688 1565 2732 γεγονότες
1584 2684 1662 2722 εἶεν.

147 2735 157 2762 l
176 2737 215 2771 ἂν
235 2751 304 2773 om.
327 2740 455 2773 A.F.S.
479 2747 513 2773 et
532 2754 586 2785 γρ.
604 2740 646 2774 Υ.
744 2746 772 2763 ¹¹¹
796 2738 1018 2785 κομίσωνται]
1044 2739 1241 2783 κομίζωνται
1262 2741 1302 2773 Α.
1401 2746 1418 2764 ¹¹
1442 2739 1482 2773 ἵν’
1504 2740 1654 2785 ἐπειδὰν]

148 2791 282 2825 ἐπειδὰν
300 2793 342 2826 A.
366 2798 400 2826 et
420 2805 502 2826 mox
523 2791 1081 2837 συστρατεὖονται-βοηθὴσωσι,
1206 2798 1224 2817 0
1244 2793 1358 2838 αὐτοὶ]
1385 2794 1436 2826 καὶ
1456 2793 1550 2826 αὐτοὶ
1571 2793 1658 2827 F.Y.

150 2843 228 2878 O.v.
323 2850 342 2878 P
361 2846 728 2891 περὶ-ἀποδιδόντες]
754 2846 782 2879 εἷ
801 2845 1138 2889 περὶ-ἀποδιδόασι
1157 2846 1251 2879 Y.O.
1347 2852 1366 2879 q
1386 2846 1478 2880 τινὰς
1498 2846 1657 2880 Λακεδαι-

149 2896 276 2940 μονίοις
293 2898 378 2932 A.S.
409 2899 680 2942 Λακεδαιμονίοις
699 2899 791 2933 τινὰς
811 2899 927 2944 vulgo.
1040 2905 1054 2923 Γ
1075 2900 1127 2932 καὶ
1149 2899 1184 2933 S.
1226 2899 1426 2944 Legebatur
1443 2897 1660 2942 βοηθούντων

150 2949 214 2983 καί.
319 2956 334 2975 S
354 2950 411 2984 ἐᾶν
429 2951 535 2998 ἔχειν]
559 2953 648 2996 ἔχειν
667 2952 723 2986 ἐᾶν
744 2951 834 2986 Υ.Ο.

849 3013 956 3054 1-·f2
