1930 3266
52 188 220 243 326‚11.
569 190 696 227 ΠΕΡΙ
727 190 836 227 TOT
867 188 1175 226 ΣΤΕΦΑΝΟΎ.
1545 188 1629 227 343

119 299 202 351 τὸν
221 298 480 366 ἀνθρώπων
503 298 743 365 θπροστὰς
768 298 923 349 πάντα
949 297 1122 349 ἰταῦτα
1147 300 1288 362 ὑγιῶς
1314 300 1389 348 καὶ
1414 311 1437 346 g
1445 300 1629 352 δικαίως

22 407 106 452 370
119 384 468 446 πεπολίτευμαι.
510 382 585 433 διὰ
610 387 739 433 ταῦτ’
768 382 884 450 ἀξιῶ
916 386 1159 445 τιμᾶσθαι.
1203 381 1285 431 τὸν
1313 381 1361 431 δὲ
1386 380 1630 448 τειχισμὸν

118 472 296 528 τοῦτον,
325 465 377 517 ὸν
403 465 468 516 σύ
500 489 590 529 μου
623 467 843 530 διέσυρες,
871 469 946 516 καὶ
976 464 1115 529 τὴν11
1131 465 1358 530 ταφρείαν
1396 464 1507 532 ἄξια
1545 464 1683 527 μὲν20

116 548 329 616 ιχοῖριτος
368 572 443 599 και
478 549 664 600 ἐπαίνου
696 550 849 615 κρίνω,
876 553 976 601 πῶς
1014 571 1108 614 γαρ
1146 570 1233 609 ους
1277 546 1439 612 πόρρω
1473 547 1629 608 μέντοι

115 650 241 684 “που
278 637 371 683 τῶν
417 635 598 702 ἐμαυτῷ
638 632 1044 695 πεπολιτευμένων
1089 629 1630 693 τιθεμαι.1οὐ“”λιθοις

115 717 320 782 ἐτείχισα
345 716 430 779 τὴν
454 717 596 767 πόλιν
623 716 725 767 οὐδε
754 717 968 769 πλίνθοις
995 715 1100 782 ἐγὼ,
1127 717 1217 765 ουδ
1245 716 1317 765 ε’πι
1345 713 1522 767 τούτοις
1549 738 1629 777 με-

113 822 282 865 γιστον
306 804 399 850 τῶν
425 801 623 862 ἐμαυτοῦ
650 804 829 867 φρονῶ·
868 801 976 849 ἀλλ’
1006 799 1084 850 ἐὰν
1111 797 1219 849 Ι’τὸν
1246 798 1358 860 ἐμὸν
1382 797 1627 865 τειχισμὸν

112 883 291 950 οβούλῃ
330 885 513 936 δικαίως
552 889 760 946 σκοπεῖν,
797 882 1007 949 εὑρήσεις
1048 883 1177 934 ὅπλα
1214 885 1315 932 Ι’καὶ
1353 882 1515 935 πόλεις
1550 884 1677 936 καῖ25

112 966 284 1020 τόπους
314 970 388 1017 καὶ
422 968 612 1029 λιμένας
647 970 721 1017 καὶ
761 973 871 1019 ναῦς
906 969 980 1016 καὶ
1018 967 1214 1019 (Ιῖππους
1253 968 1327 1015 καὶ
1362 965 1469 1019 τοὺς
1511 966 1624 1032 ὑπὲρ
1689 966 1692 969 ⁴

19 1070 96 1116 371
113 1050 290 1101 τούτων
333 1050 722 1113 ἀμυνουμένους.
783 1056 931 1100 ταῦτα
976 1050 1350 1116 επρούβαλόμην
1393 1050 1484 1113 ἐγὼ
1531 1049 1625 1116 πρὸ

111 1137 194 1198 τῆς
221 1136 485 1197 Ἀττικῆς,
501 1156 618 1184 οσον
644 1131 701 1196 ἧν
735 1135 1012 1202 ἀνθρωπινω
1052 1138 1274 1201 λογισμῶ
1311 1133 1521 1195 δυνατον,
1549 1157 1626 1184 και

998 1225 1018 1243 u

110 1217 288 1270 τούτοις
314 1218 520 1284 ἐτείχισα
544 1216 629 1280 τὴν
655 1218 829 1283 χώραν,
857 1218 959 1284 οὐχι
1037 1217 1176 1267 τὸνΧ
1196 1217 1370 1267 κύκλον
1396 1223 1478 1267 τοῦ
1505 1222 1619 1268 Πει-

109 1305 249 1368 ραιῶς
288 1299 391 1351 οὐδὲ
427 1307 510 1351 τοῦ
548 1301 770 1354 Υὸίστεως.
811 1301 920 1352 οὐδέ
957 1306 995 1366 γ’
1024 1300 1231 1364 ἡττήθην
1271 1301 1362 1365 ἐγὼ
1400 1307 1495 1354 τοῖς
1533 1306 1721 1357 >io-326

109 1389 298 1450 γισμοῖς
338 1386 594 1446 Φιλίππου,
634 1391 822 1435 πολλοῦ
858 1408 911 1450 γε
949 1387 1024 1435 καὶ
1069 1388 1147 1447 δεῖ,
1188 1384 1290 1434 οὐδὲ
1326 1390 1426 1438 ταῖς
1463 1409 1620 1451 παρα-

109 1473 309 1531 σκευαῖς,
336 1470 449 1518 ἀλλ’
477 1473 520 1519 οἱ
557 1473 650 1519 τῶν
685 1468 952 1536 συμμάχων
985 1472 1247 1534 στρατηγοὶ
1286 1471 1360 1519 καὶ
1396 1473 1442 1519 αἱ
1479 1469 1617 1520 δυνά-

106 1575 205 1616 μεις
239 1556 296 1619 τῇ
335 1553 470 1620 τύχῃ.
513 1554 631 1606 τίνες
669 1556 715 1602 αἱ
753 1552 930 1603 τούτων
962 1553 1255 1621 ἀποδείξεις,
1300 1554 1508 1618 ἐναργεῖς
1547 1555 1653 1604 καὶὸ

108 1638 319 1706 φανεραί.
363 1643 581 1689 σκοπεῖτε
609 1638 671 1688 δέ.
1459 1630 1461 1632 .

44 1735 95 1780 72
180 1724 246 1774 Τί
271 1726 410 1790 Ζχρῆν
435 1721 518 1773 τὸν
543 1724 702 1773 εὔνουν
728 1723 929 1787 πολίτην
955 1727 1115 1783 ποιεῖν,
1141 1723 1190 1772 τί
1211 1720 1294 1772 τὸν
1319 1720 1437 1784 μετὰ
1463 1720 1624 1787 πάσης

106 1807 326 1873 προνοίας
361 1808 436 1857 καὶ
469 1807 758 1872 8προθυμίας
793 1808 868 1856 καὶ
895 1805 1193 1869 δικαιοσύνης
1226 1803 1367 1870 1Ὄπὲρ
1405 1808 1487 1868 τῆς
1525 1828 1618 1855 πα-

107 1891 258 1957 τρίδος
283 1890 644 1952 πολιτευόμενον
671 1912 682 1951 ;
728 1891 809 1939 οὐκ
836 1891 884 1939 ἐκ
910 1888 994 1951 μὲν
1022 1888 1261 1952 θαλάττης
1299 1887 1384 1952 τὴν
1412 1890 1622 1948 Εὔβοιαν

107 1974 467 2041 οπροβαλέσθαι
517 1973 610 2039 πρὸ
654 1977 735 2036 τῆς
782 1976 1012 2036 Ἀττικῆς,
1057 1975 1106 2023 ἐκ
1152 1971 1200 2023 δὲ
1245 1975 1328 2036 τῆς
1372 1974 1622 2038 μεσογείας

676 2062 695 2069 ⁶
753 2056 770 2084 d

106 2056 191 2121 τὴν
218 2058 458 2119 Βοιωτίαν,
485 2060 534 2108 ἐκ
561 2057 608 2108 δὲ
633 2080 727 2107 των
787 2057 902 2123 πρὸς
930 2055 1305 2119 Πελοπόννησον
1330 2055 1489 2106 τόπων
1514 2055 1620 2109 τοὺς
1638 2079 1674 2101 10

107 2140 302 2208 ὁμόρους
337 2142 509 2210 ταύτῃ,
551 2143 604 2193 οὐ
630 2141 715 2205 τὴν
744 2149 759 2167 ⁸
778 2141 1112 2204 σιτοπομπίαν,
1141 2140 1267 2193 ὅπως
1301 2140 1430 2206 παρὰ
1457 2145 1621 2190 πᾶσαν

158 2277 174 2296 e
202 2272 372 2317 προστὰς]
404 2273 489 2316 πρὸς
510 2272 544 2305 S.
589 2273 743 2315 προστὰς
773 2284 792 2305 a
821 2284 865 2304 ιιιΔ
890 2272 1054 2304 secunda.
1213 2268 1228 2294 f
1252 2273 1357 2304 ταῦτα
1386 2283 1455 2305 om.
1477 2271 1619 2304 A.k.s.t.

105 2330 126 2358 g
145 2325 292 2371 δικαίως]
317 2326 450 2360 δικαίως
470 2327 522 2359 καὶ
541 2325 658 2360 ἁπλῶς
677 2326 788 2359 A.k.s.
892 2322 909 2348 h
932 2323 1114 2369 ταφρείαν]
1138 2324 1286 2369 ταφρίαν
1307 2326 1348 2358 A.
1451 2321 1460 2348 i
1481 2326 1621 2369 χάριτος

104 2379 157 2412 καὶ
175 2379 329 2424 ἐπαίνου]
355 2377 493 2412 ἐπαίνου
513 2380 565 2412 καὶ
583 2379 722 2423 χάριτος
742 2379 778 2412 k.
893 2375 911 2401 k
932 2392 998 2411 που
1018 2390 1088 2411 om.
1112 2378 1195 2411 A.k.
1286 2374 1296 2402 Ῑ
1317 2378 1355 2411 οὐ
1377 2378 1618 2416 [X.F.S.Q.k.s.

104 2431 143 2464 οὐ
161 2432 225 2477 γὰρ
244 2433 363 2478 vulgo.
487 2438 515 2456 m
537 2429 874 2476 λίθοις-πλίνθοις]
899 2431 1218 2466 πλίνθοις-λίθοις
1237 2431 1271 2464 k.
1397 2438 1415 2456 Η
1437 2432 1496 2464 τὸν
1515 2431 1614 2476 ἐμὸν]

102 2485 162 2528 μὲν
177 2486 237 2518 τὸν
252 2486 331 2529 ἐμὸν
345 2487 386 2520 Α,
418 2486 478 2528 μὲν
493 2485 633 2531 punctis
650 2485 930 2530 superimpositis
950 2490 1083 2518 notato.
1116 2485 1175 2517 τὸν
1190 2485 1250 2528 μέν
1266 2485 1346 2527 ἐμὸν
1361 2496 1387 2517 r.
1447 2490 1464 2508 o
1484 2483 1614 2529 βούλῃ]

184 2543 205 2559 ΕΙ
397 2544 409 2562 ἢ

101 2571 210 2614 βούλη
230 2572 272 2606 Y.
301 2571 423 2613 βούλει
443 2584 474 2605 v.
586 2578 604 2605 P
624 2573 677 2605 καὶ
696 2573 814 2607 πόλεις
834 2584 904 2606 om.
927 2573 1042 2606 A.k.s.
1155 2577 1173 2604 q
1195 2570 1318 2605 ἵππους
1340 2570 1515 2604 Reiskius.
1551 2571 1618 2604 Le-

103 2625 248 2671 gebatur
266 2626 419 2660 πολλοὺς
438 2623 573 2660 ἵππους.
606 2626 874 2670 comparandus
893 2626 991 2659 locus
1012 2625 1133 2659 similis
1153 2637 1186 2669 p.
1213 2622 1299 2668 766,
1324 2635 1383 2670 29.
1500 2629 1515 2647 r
1534 2623 1617 2666 ἀμυ-

103 2679 298 2724 νουμένους]
322 2679 550 2720 ἀμυνομένους
570 2679 727 2717 A.S.Q.k
744 2691 840 2723 p.1·.s.
870 2678 1134 2723 ἀγωνιζομένους
1154 2678 1236 2711 O.u.
1316 2683 1329 2701 S
1350 2677 1611 2722 προυβαλόμην]

101 2734 369 2776 προυβαλλόμην
389 2732 513 2766 Y.O.r.
626 2731 639 2756 t
660 2731 761 2777 ὅσον]
787 2732 854 2764 ὅσα
874 2732 915 2765 Y.
1033 2737 1053 2755 1¹
1073 2732 1132 2763 τὸν
1152 2743 1222 2764 om.
1246 2730 1330 2766 O.u.
1456 2735 1475 2753 Χ
1496 2728 1618 2763 κύκλον

101 2785 251 2820 A.S.k.s.
283 2784 406 2819 κύκλον
425 2787 528 2829 μόνον
547 2786 665 2831 vulgo.
750 2791 768 2817 δ’
788 2785 918 2820 ἄστεως
940 2786 975 2819 S.
1008 2784 1231 2819 scribebatur
1249 2784 1384 2818 ἄστεος.
1472 2788 1489 2807 2
1509 2782 1613 2829 χρῆν]

1482 2845 1556 2871 υπερ

101 2880 166 2924 χρὴ
186 2881 294 2914 A.k.s.
425 2887 443 2906 a
463 2880 668 2926 προθυμίας]
695 2880 894 2925 φιλοτιμίας
913 2892 977 2925 p.r.
998 2886 1033 2914 et
1053 2895 1107 2925 γρ.
1131 2879 1175 2918 Q.
1313 2875 1332 2904 b
1354 2879 1455 2924 ὑπὲρ]
1481 2879 1558 2924 περὶ
1578 2879 1614 2913 k.

103 2938 119 2957 0
138 2934 392 2979 προβαλέσθαι]
415 2935 678 2978 προβάλλεσθαι
699 2946 725 2967 r.
861 2930 878 2957 d
900 2934 984 2977 πρὸς
1005 2945 1074 2967 om.
1098 2945 1150 2978 pr.
1175 2933 1211 2967 S.
1349 2938 1362 2952 ζ’
1384 2932 1617 2975 σιτοπομπίαν

75 2985 78 2988 ”
102 2986 513 3027 A.F.S.Y.Q.O.k.r.s.u.
545 2985 793 3031 σιτοπομπείαν
811 2987 928 3032 vulgo.
