1882 3250
42 213 110 255 74,
128 218 179 242 28.
598 205 736 242 ΚΑΤΑ
771 205 1046 242 ΦΙΑΙΠΠΟΎ
1077 205 1121 240 Β.
1560 203 1610 243 81

106 315 215 364 ἀλλ’
249 318 311 368 εἰς
343 314 451 368 τοὺς
490 315 580 366 ὑπὸ
617 319 749 382 χεῖρα
783 313 1033 377 Χμάλιστα
1071 313 1156 377 τὴν
1193 312 1338 378 ὀργὴν
1376 313 1610 379 ἀφιέντας.

36 419 88 462 37
105 398 188 451 ἕως
234 397 314 447 οὖν
358 398 422 448 ἔτι
471 397 639 461 μέλλει
685 401 762 448 καὶ
806 398 1089 448 συνίσταται
1135 395 1195 447 τὰ
1238 395 1496 460 πράγματα
1541 400 1615 446 καὶ

103 480 416 543 κατακούομεν
460 481 703 546 ἀλλήλων,
755 482 956 532 ἕκαστον
1008 482 1150 544 ὑμῶν,
1203 480 1366 544 καίπερ
1412 482 1616 544 ἀκριβῶς

101 563 267 627 εἰδότα,
319 564 442 627 ὅμως
498 573 516 600 y
534 567 861 628 ἐπαναμνῆσαι
925 564 1161 627 βούλομαι
1223 563 1290 616 τίς
1349 563 1372 612 ὁ
1426 563 1616 614 Φωκεας

100 649 302 701 Ζπείσας
342 651 458 712 ὑμᾶς
504 652 580 700 καὶ
620 650 789 702 Πύλας
831 649 1075 715 προέσθαι,
1115 646 1178 698 ὧν
1219 647 1458 699 καταστὰς
1496 649 1609 697 ε’κεῖ-
1633 669 1669 689 ¹0

101 754 177 785 νος
212 731 366 797 κύριος
400 736 483 796 τῆς
517 735 590 784 ἐπὶ
625 732 711 796 τὴν
745 732 966 796 Ἀττικὴν
1001 733 1109 783 ὁδοῦ
1150 734 1224 782 καὶ
1256 734 1336 794 τῆς
1364 735 1424 783 εἰς
1454 734 1610 780 Πελο-

99 814 341 879 πόννησον
366 816 519 883 κύριος
545 817 722 882 γε’γονε,
750 819 825 866 καὶ
852 817 1100 883 λπεποίηχ’
1130 818 1235 878 ὑμῖν
1260 813 1279 841 b
1290 815 1354 878 μὴ
1385 819 1488 880 περὶ
1524 819 1617 864 τῶν

100 901 311 951 οδικαίων
337 898 469 966 ἀμηδ’
500 901 613 967 ὑπὲρ
639 905 732 951 τῶν
759 900 877 969 θὲξω
908 900 1202 966 πραγμάτων
1233 897 1347 949 εἶναι
1379 898 1464 962 τὴν
1494 903 1612 957 ,Βου-

97 983 202 1049 λὴν,
229 986 338 1035 ἀλλ’
370 984 483 1051 ὑπὲρ
508 990 602 1036 τῶν
628 987 676 1036 ἐν
701 988 759 1051 τῇ
792 985 924 1053 χώρᾳ
961 987 1036 1035 καὶ
1071 990 1153 1035 τοῦ
1190 983 1307 1050 πρὸς
1340 981 1425 1046 τὴν
1449 984 1612 1033 Ἀττι-

98 1066 182 1132 κὴν
225 1069 451 1132 πολέμου,
498 1068 548 1122 ὃς
599 1069 805 1132 λυπήσει
855 1068 940 1132 μὲν
985 1069 1198 1129 ἕκαστον,
1243 1066 1428 1118 ἐπειδὰν
1471 1070 1665 1134 παρῇ,·5

33 1169 85 1224 38
97 1151 260 1217 γε’γονε
288 1152 352 1201 Ῐ’δ’
382 1154 430 1202 ἐν
455 1153 601 1220 ἐκείνῃ
633 1156 691 1220 τῇ
727 1152 888 1221 ἡμέρᾳ.
946 1156 982 1202 εἰ
1014 1151 1108 1217 γὰρ
1139 1152 1203 1215 μὴ
1229 1150 1614 1217 παρεκρούσθητε

96 1235 197 1287 τόθ’
242 1238 381 1300 ὑμεῖς,
421 1236 588 1287 ἕούδὲν
632 1235 688 1287 ἂν
733 1236 789 1301 ἦν
827 1241 885 1305 τῇ
929 1237 1067 1288 πόλει
1111 1241 1323 1302 πρᾶγμα·
1374 1236 1478 1285 οὔτε
1522 1233 1614 1300 γὰρ

98 1322 237 1371 ναυσὶ
275 1319 424 1383 δήπου
464 1320 704 1386 κρατήσας
742 1326 802 1375 εἰς
840 1320 926 1385 τὴν
964 1320 1185 1384 Ἀττικὴν
1223 1319 1368 1384 ἦλθεν
1405 1318 1462 1368 ἄν
1499 1341 1612 1369 ποτε

97 1404 261 1474 στόλῳ
303 1406 554 1468 Φίλιππος,
601 1408 702 1457 οὕτε
752 1405 867 1474 πεζῇ
910 1405 1113 1471 βαδίζων
1158 1404 1272 1470 ὑπὲρ
1316 1403 1398 1455 τὰς
1447 1402 1613 1456 Πύλας
1630 1426 1668 1447 20

96 1492 171 1540 καὶ
208 1489 412 1551 Φωκέας,
447 1490 557 1539 ἀλλ’
591 1488 619 1553 ἢ
655 1489 714 1540 τὰ
752 1491 884 1541 δίκαι’
921 1488 978 1540 ἂν
1016 1490 1156 1540 ἐποίει
1197 1490 1271 1539 καὶ
1310 1486 1395 1551 τὴν
1431 1486 1614 1552 εἰρήνην

97 1574 226 1640 ἄγων
259 1574 462 1640 ἡσυχίαν
500 1572 634 1642 εἶχεν,
669 1573 698 1639 ἦ
739 1576 1007 1642 παραχρῆμ’
1036 1572 1095 1624 ἂν
1128 1573 1185 1638 ἦν
1220 1572 1305 1623 ἢέν
1341 1573 1485 1640 ὁμοίῳ
1518 1595 1609 1623 πο-

31 1676 85 1719 39
98 1658 227 1727 λε’μω
258 1659 312 1708 δι’
341 1656 394 1708 ὃν
419 1656 547 1709 ’τότε
579 1662 661 1722 τῆς
695 1658 874 1725 εἰρήνης
907 1658 1217 1722 ἐπεθύμησεν.
1273 1659 1400 1707 ταῦτ’
1430 1657 1524 1717 οὖν,
1552 1659 1614 1709 ὡς

97 1765 181 1805 μεν
214 1743 495 1805 ὑπομνῆσαι,
532 1749 614 1794 νῦν
651 1747 817 1796 ἱκανῶς
853 1743 1041 1810 εἴρηται,
1078 1744 1140 1795 ὡς
1172 1742 1210 1791 δ
1245 1740 1301 1791 ἂν
1340 1740 1611 1808 ἐξετασθείη

96 1825 290 1889 μάλιστ’
318 1828 536 1892 ἀκριβῶς,
568 1827 632 1891 μὴ
668 1828 861 1893 γένοιτο,
894 1825 931 1877 ὠ
963 1825 1135 1879 πάντες
1169 1825 1278 1875 θεοι·
1328 1824 1490 1875 οὐδενα
1518 1847 1661 1890 γαρεό

95 1909 411 1974 βουλοίκμην
428 1909 484 1960 ἂν
523 1911 685 1976 ἔγωγε,
725 1913 817 1962 οὐδ’
860 1915 896 1961 εἰ
942 1910 1112 1964 δικαιός
1159 1911 1254 1960 ἐστ’
1297 1909 1609 1971 ἀπολωλεναι,

95 1993 212 2056 μετὰ
252 1999 336 2044 τοῦ
379 1993 570 2045 πάντων
611 1994 822 2046 κινδύνου
868 1996 941 2045 καὶ
988 1997 1069 2057 τῆς
1112 1994 1273 2060 ζημίας
1320 1994 1450 2057 δίκην
1489 1995 1604 2044 ὑπο-

244 2076 254 2103 1

12 2035 17 2061 Ι

12 2066 16 2171 ξ
94 2082 268 2145 σχεῖν.

13 2194 17 2284 1
149 2250 168 2269 Χ
187 2246 339 2288 μάλιστα
358 2246 476 2280 om.Y.
601 2253 620 2280 Υ
640 2248 888 2295 ἐπαναμνῆσαι]
913 2247 1268 2292 ἐπαναμιμνήσκεσθαι
1290 2248 1324 2281 S.
1450 2252 1466 2271 Ζ
1487 2247 1608 2281 πείσας

13 2285 18 2403 l
98 2297 181 2341 ὑμᾶς
200 2299 252 2332 καὶ
273 2297 384 2334 πύλας
403 2299 444 2333 Y.
492 2299 613 2335 πείσας
633 2302 684 2334 καὶ
707 2300 818 2336 πύλας
836 2301 982 2345 ποιήσας
1003 2302 1147 2345 (omisso
1168 2302 1266 2345 ὑμᾶς)
1288 2302 1372 2335 A.S.
1422 2301 1475 2334 καὶ
1497 2299 1608 2334 πύλας

97 2348 249 2402 'agaae‘
233 2369 318 2412 υμᾶς
338 2369 378 2403 F.
422 2369 475 2403 καὶ
497 2368 608 2405 πύλας
631 2370 754 2405 πείσας
778 2371 861 2413 ἱμᾶς
882 2371 925 2405 O.
930 2384 965 2405 u
954 2384 1001 2449 bv.
1056 2371 1255 2417 Legebatur
1274 2370 1394 2404 πείσας
1418 2371 1471 2404 καὶ
1490 2368 1609 2405 Πύλας

14 2409 18 2518 l
98 2419 193 2464 ὑμᾶς.
296 2427 315 2446 a
332 2421 509 2469 πεποίηχ]
534 2437 714 2466 πεποιηκεν
734 2424 776 2458 Ο.
782 2437 815 2459 u.
821 2437 850 2458 v.
954 2422 1037 2468 ὒμὴ
1059 2426 1094 2458 S.
1129 2424 1210 2468 μήτε
1233 2425 1344 2458 F.u.v.
1379 2425 1495 2467 μηκέτι
1517 2423 1606 2457 Y.O.

98 2478 115 2498 0
133 2473 281 2520 δικαίων]
303 2474 510 2519 Ἑλληνικῶν
529 2475 664 2510 δικαίων
683 2478 842 2512 wolfius.
931 2475 949 2503 ‘¹
969 2478 1061 2524 μηδ’]
1085 2477 1162 2522 μήθ’
1187 2478 1310 2512 F.O.11.
1400 2482 1415 2502 θ
1436 2478 1500 2521 ἔξω
1521 2489 1540 2510 a
1560 2489 1606 2511 m.

15 2520 19 2574 ξ
97 2538 163 2561 rec.
184 2527 353 2562 insertum
373 2529 478 2563 habet
499 2530 533 2565 S.
646 2528 661 2554 f
677 2529 705 2564 δ’
726 2531 778 2577 ἐν]
803 2532 838 2566 δέ
861 2532 899 2566 F.
1012 2538 1032 2565 g
1052 2532 1165 2577 οὐδέν]
1190 2530 1260 2565 οὐδ’
1283 2530 1328 2565 Ο.
1439 2527 1457 2554 h
1479 2530 1514 2563 ἐν
1533 2541 1604 2565 om.

15 2585 19 2632 Ι
96 2591 148 2625 pr.
170 2581 206 2616 S.
290 2579 300 2606 i
320 2583 414 2629 τότε]
439 2584 605 2630 πρότερον
624 2584 665 2618 Y.
687 2590 722 2618 et
741 2600 796 2630 γρ.
819 2586 857 2619 F.
892 2587 969 2619 τότε
989 2587 1154 2630 πρότερον
1175 2585 1294 2619 O.u.V.
1381 2581 1399 2607 k
1421 2582 1460 2616 ἂν
1478 2584 1601 2629 ἔγωγε]

15 2633 19 2695 ξ
96 2644 201 2691 ἔγωγε
219 2643 259 2680 ἂν
280 2647 315 2680 S.
417 2644 427 2671 l
450 2647 490 2681 In
513 2648 597 2683 B.S.
620 2649 854 2695 subscriptum
875 2651 957 2683 κατὰ
976 2648 1148 2694 φιλίππου
1168 2651 1205 2689 β.
1225 2637 1482 2697 ΗΗῖἶΙΔΔΔΔ.
1519 2647 1605 2681 Ver-

97 2708 154 2732 sus
173 2698 208 2732 in
228 2699 270 2734 B.
293 2706 374 2734 sunt
398 2699 484 2735 216.

157 3045 246 3072 VOL.
268 3047 295 3072 l.
873 3051 904 3077 M
