1903 3271
269 183 353 220 424
806 187 1236 224 ΔΗΜΟΣΘΕΝΟΎΣ
1368 185 1450 224 OR.
1474 184 1614 224 XIX.
1637 198 1677 238 p.
1695 197 1794 234 401,
1812 199 1852 226 29

173 296 329 353 215629
359 290 621 344 ”Ολυνθον.
666 295 800 345 αὗται
839 302 858 321 ³
876 297 1045 358 τοίνυν,
1075 296 1092 322 b
1110 297 1215 363 ἔφη,
1238 299 1322 359 τῆς
1358 297 1544 349 πόλεως
1570 297 1782 360 ἁλούσης

266 376 559 442 αἰχμάλωτοι
599 378 826 443 γεγόνασι
872 382 947 429 καὶ
990 381 1080 428 εἶσὶ
1121 379 1252 444 παρὰ
1293 382 1372 429 σοὶ
1414 381 1600 443 ἡλικίαν
1642 380 1776 446 ἔχου·
1794 395 1878 434 402

265 481 350 509 σαι
401 459 571 524 γάμου.
638 461 822 522 ταύτας,
875 466 988 512 αἰτῶ
1045 484 1104 512 σε
1167 465 1244 512 καὶ
1295 463 1503 524 ςδέομαι,
1555 461 1632 515 δός
1682 485 1775 523 μοι.

264 543 501 606 βούλομαι
543 544 602 594 δέ
637 544 653 571 ‘¹
670 566 728 595 σε
780 547 978 594 ἀκοῦσαι
1022 546 1096 594 καὶ
1139 549 1303 606 μαθεῖν
1348 546 1449 595 οἵαν
1492 568 1571 608 μοι
1615 545 1782 600 δώσεις

265 625 456 691 δωρεὰν,
495 634 511 652 ‘³
532 626 588 676 ἂν
627 627 718 691 ἄρα
757 630 863 695 δῷς·
906 628 988 694 ἀφ’
1031 627 1083 690 ἧς
1122 626 1213 692 ἐγὼ
1253 631 1458 692 κερδανῶ
1502 627 1586 690 μὲν
1626 627 1810 690 οὐδὲν,5

263 707 339 759 fc'iv
380 709 532 771 λάβω,
577 715 746 775 προῖκα
791 710 840 761 δὲ
879 713 1106 777 προσθεὶς
1149 712 1357 773 ἐκδώσω,
1403 714 1477 762 καὶ
1522 713 1575 762 οὐ
1617 710 1776 778 περιό-

264 795 420 860 ψομαι
457 793 706 847 παθούσας
745 794 875 844 οὐδὲν
913 794 1106 863 ἀνάξιον
1146 796 1240 845 οὔθ’
1269 796 1402 859 ἡμῶν
1439 797 1542 846 οὔτε
1576 802 1659 846 τοῦ
1691 819 1782 846 πα-

170 891 250 932 216
265 876 388 943 τρός.
434 879 496 930 ὡς
537 878 574 926 δ’
617 879 844 929 ἕάκοῦσαι
887 877 994 932 τοὺς
1032 878 1271 944 παρόντας
1311 881 1360 929 ἐν
1399 883 1466 948 τῷ
1508 880 1780 948 συμποσίῳ,

265 965 495 1010 τοσοῦτον
531 959 699 1026 κρότον
732 963 807 1011 καὶ
844 960 1086 1027 1Ἇθόρυβον
1122 964 1197 1012 καὶ
1223 962 1411 1012 ε”παινον
1436 961 1567 1027 παρὰ
1589 962 1781 1012 πάντων

263 1043 498 1107 γενέσθαι,
527 1043 651 1094 ὥστε
686 1044 768 1094 τὸν
796 1046 1039 1095 Φίλιππον
1064 1049 1229 1096 παθεῖν
1268 1068 1312 1095 τι
1348 1047 1423 1096 καὶ
1456 1049 1629 1096 δοῦναι.
1673 1046 1774 1095 καί·
1796 1070 1835 1094 ιο

263 1149 335 1177 τοι
373 1131 468 1177 τῶν
494 1127 867 1179 ἀποκτεινάντων
901 1127 958 1192 ἧν
992 1128 1092 1179 ἰτὸν
1117 1129 1438 1197 Ἀλέξανδρον
1462 1128 1544 1179 τὸν
1570 1127 1782 1196 ἀδελφὸν

169 1209 383 1271 217Κτὸν
417 1213 661 1262 Φιλίππου
699 1212 832 1265 οὗτος
870 1214 895 1262 ὁ
929 1212 1323 1281 Ἀπολλοφάνης.
1368 1211 1692 1281 ιἐξετάσωμεν
1726 1212 1781 1276 δὴ

262 1292 379 1359 πρὸς
419 1294 472 1344 τὸ
508 1301 637 1346 ωτοῦ
678 1296 891 1362 Σατύρου
929 1302 1102 1346 “τοῦτο
1129 1296 1403 1357 συμπόσιον
1437 1296 1628 1361 0ἕτερον
1658 1318 1782 1358 συμ-

261 1377 449 1440 πόσιον,
489 1378 577 1429 prb
617 1380 796 1430 τούτων
831 1382 878 1430 ἐν
914 1380 1223 1447 (ΙΜακεδονίᾳ
1264 1379 1528 1445 γενόμενον,
1562 1381 1637 1429 καὶ
1675 1377 1780 1429 θεά-

259 1466 420 1512 σασθε
446 1466 512 1512 ”ei
536 1463 878 1528 παραπλήσιον
902 1463 1052 1531 τούτῳ
1093 1465 1167 1513 καὶ
1195 1463 1367 1525 ὅμοιον.
1412 1462 1660 1526 κληθέντες
1686 1461 1778 1527 γὰρ
1795 1487 1829 1518 15

261 1545 386 1595 οὗτοι
424 1545 543 1611 πρὸς
574 1546 859 1613 Ξενόφρονα
897 1545 978 1597 τὸν
1016 1545 1113 1597 υἱὸν
1151 1545 1268 1597 8τὸν
1302 1548 1531 1609 Φαιδίμου
1565 1551 1648 1596 τοῦ
1685 1549 1780 1596 τῶν

258 1627 508 1692 τριάκοντα
543 1629 738 1698 ᾤχοντο·
779 1629 870 1694 ἐγὼ
903 1631 940 1678 δ’
970 1631 1053 1680 οὐκ
1091 1630 1361 1696 ἐπορεύθην.
1406 1629 1563 1693 ἐπειδὴ
1591 1628 1640 1679 δὲ
1666 1629 1781 1692 ἧκον

259 1715 322 1764 εἷς
359 1711 412 1762 τὸ
451 1714 612 1774 πίνειν,
646 1712 855 1777 ῒἐἰσάγει
894 1712 996 1763 τινὰ
1027 1714 1289 1764 Ὀλυνθίαν
1323 1717 1535 1778 γυναῖκα,
1572 1714 1778 1777 εὐπρεπῆ

257 1795 354 1859 μὲν,
394 1796 642 1863 ἐλευθέραν
678 1796 726 1847 δὲ
765 1799 839 1846 καὶ
877 1797 1122 1864 σώφρονα,
1159 1800 1221 1850 ὡς
1255 1797 1309 1846 τὸ
1341 1796 1478 1861 ἔργον
1516 1794 1772 1859 ἐδήλωσεν.
1791 1820 1830 1842 20

161 1880 430 1942 218ταύτην
456 1880 510 1930 τὸ
535 1879 621 1944 μὲν
646 1885 835 1946 πρῶτον
860 1882 1070 1931 “οὑτωσὶ
1095 1882 1244 1932 πίνειν
1279 1881 1438 1946 ἡσυχῇ
1472 1881 1547 1929 καὶ
1579 1878 1778 1944 τρώγειν

256 1963 518 2029 ἠνάγκαζον
544 1964 674 2014 οὗτοί
694 1987 774 2027 μοι
809 1972 829 1990 Χ
849 1968 1012 2027 δοκεῖν,
1040 1968 1102 2018 ὡς
1138 1968 1340 2029 διηγεῖτο
1365 1965 1640 2029 Ἰατροκλῆς
1678 1965 1778 2026 ἐμοὶ

255 2052 313 2114 τῇ
340 2050 574 2116 ὑστεραίᾳ·
616 2050 677 2101 ὡς
704 2047 753 2098 δὲ
777 2047 943 2115 προῄει
978 2047 1032 2098 τὸ
1064 2052 1262 2113 πρᾶγμα
1288 2050 1363 2097 καὶ
1390 2047 1776 2111 διεθερμαίνοντο,

254 2131 623 2181 κατακλίνεσθαι
669 2132 749 2180 καί
789 2153 832 2179 τι
878 2134 952 2180 καὶ
995 2130 1122 2198 ιἅδειν
1162 2130 1388 2181 ἐκέλευον.
1445 2128 1775 2193 ἀδημονούσης

253 2212 303 2264 δὲ
340 2216 423 2276 τῆς
461 2214 710 2279 ἀνθρώπου
747 2216 823 2263 καὶ
860 2215 962 2264 οὔτε
1004 2214 1260 2277 ἐθελούσης
1301 2215 1405 2263 οὕτε
1447 2213 1771 2278 ἐπισταμένης,
1787 2247 1824 2278 25

308 2388 327 2408 ³·
346 2383 459 2417 τοίνυν
481 2383 628 2416 S.Y.t.u.
646 2390 681 2415 et
700 2396 755 2427 γρ.
779 2382 816 2415 F.
849 2385 906 2415 νῦν
926 2383 1045 2427 vulgo.
1131 2378 1150 2405 b
1171 2383 1237 2426 ἔφη
1258 2393 1328 2415 om.
1353 2382 1387 2415 S.
1472 2387 1488 2405 ⁰
1508 2381 1624 2424 δέομαι
1644 2393 1715 2415 om.
1738 2393 1775 2414 u.

253 2433 272 2461 d
293 2450 334 2470 σε
355 2448 424 2470 om.
447 2436 491 2474 Q.
617 2440 632 2459 e
651 2433 786 2469 ἂν-ἂν
809 2435 843 2468 S.
876 2436 1099 2469 Scribebatur
1119 2434 1300 2468 ἐὰν-ἐάν.
1426 2431 1441 2458 f
1457 2431 1496 2468 ἂν
1515 2434 1613 2475 λάβω
1633 2446 1704 2470 om.
1727 2433 1771 2468 O.

252 2497 315 2524 t.u.
337 2489 477 2535 punctis
497 2495 597 2522 notat
618 2488 655 2521 F.
784 2493 804 2521 g
823 2487 984 2534 ἀκοῦσαι]
1010 2486 1158 2523 ἀκούσας
1177 2501 1206 2523 r.
1336 2485 1352 2512 ὶ-
1375 2488 1525 2531 θόρυβον
1544 2488 1598 2521 καὶ
1615 2485 1769 2532 ἔπαινον]

251 2544 388 2576 ἔπαινον
407 2543 460 2575 καὶ
480 2543 627 2586 θόρυβον
648 2540 889 2579 F.Q.O.t.u.v.
1019 2539 1027 2565 ἱ
1049 2542 1108 2574 τὸν
1129 2541 1287 2574 additum
1308 2553 1351 2574 ex
1373 2539 1457 2574 S.Y.
1593 2537 1613 2564 k
1633 2541 1694 2574 τὸν
1712 2545 1772 2574 Φι-

251 2596 399 2641 λίππου]
424 2598 486 2629 τοῦ
507 2596 680 2640 φιλίππου
701 2594 865 2633 Q.O.s.v.
995 2592 1004 2619 Ῑ
1026 2593 1256 2639 ἐξετάσωμεν]
1278 2594 1486 2638 ἐξετάσομεν
1505 2605 1534 2627 r.
1665 2597 1690 2613 ¹¹¹
1711 2595 1773 2626 τοῦ

251 2661 322 2683 οω-
344 2649 388 2683 O.
500 2654 520 2672 Π
541 2648 659 2693 τοῦτο]
685 2649 834 2681 τοσοῦτο
856 2648 897 2682 Y.
929 2647 1052 2682 τούτου
1074 2646 1235 2681 F.O.u.V.
1348 2652 1366 2671 0
1387 2646 1501 2692 ἕτερον
1521 2648 1717 2690 συμπόσιον
1736 2646 1772 2680 in

250 2705 409 2748 margine
429 2714 449 2735 a
468 2714 514 2736 m.
536 2702 681 2747 antiqua
702 2700 737 2734 S.
850 2707 868 2735 P
889 2702 928 2735 τὸ
948 2714 1019 2736 om.
1042 2701 1232 2736 A.S.Y.k.1·
1249 2714 1275 2734 s.
1399 2704 1414 2726 ⁴¹
1437 2699 1645 2745 Μακεδονίᾳ]
1670 2713 1770 2743 μακε-

631 2752 637 2762 ,

611 2765 635 2782 Εἰ

250 2799 322 2832 δόνι
342 2810 377 2832 u.
503 2805 517 2824 ¹·
537 2798 582 2843 εἴ]
606 2798 649 2834 ὡς
671 2799 706 2832 S.
737 2813 766 2831 ει
786 2810 805 2831 a
824 2809 872 2830 m.
895 2809 963 2830 see.
1086 2802 1101 2821 S
1122 2797 1182 2830 τὸν
1202 2794 1384 2841 Φαιδίμου]
1410 2797 1471 2829 τοῦ
1490 2794 1655 2840 φαιδίμου
1675 2793 1770 2833 Q.O.

249 2857 315 2885 t.u.
449 2854 458 2873 ¹
480 2852 627 2898 εἰσάγει]
653 2852 803 2897 εἰσάγειν
824 2850 905 2885 O.u.
1044 2855 1064 2874 1¹
1084 2849 1230 2895 οὑτωσὶ]
1255 2849 1374 2883 οὑτοσὶ
1393 2854 1460 2882 t.u.
1601 2853 1621 2872 Χ
1641 2845 1768 2894 δοκεῖν]

249 2905 341 2937 δοκεῖ
360 2905 395 2938 S.
