1903 3271
29 193 186 235 —429‚
208 198 257 223 ιε.
528 185 653 222 ΠΕΡΙ
683 186 794 222 ΤΗΣ
826 186 1287 225 ΠΑΡΑΠΡΕΣΒΕΙΑΣ.
1581 189 1664 227 453

153 299 262 345 οῦτο
296 294 515 348 στάσεως
549 295 602 345 τό
636 317 686 345 τε
720 297 956 361 ἀριστεῖον
982 299 1064 360 τῆς
1091 301 1197 347 θεοῦ
1230 300 1305 347 καὶ
1330 297 1395 347 ἰαἱ
1427 299 1546 349 κατὰ
1571 304 1666 350 τῶν
1680 324 1719 346 20

153 376 173 403 k

153 460 162 494 1

57 393 140 435 310
189 376 248 427 τὰ
285 383 457 427 τοιαῦτ’
497 378 776 429 ἀδικούντων
822 380 1050 444 τιμωρίαι·
1108 386 1189 430 νῦν
1228 380 1275 430 δὲ
1317 380 1483 446 γέλως,
1523 382 1664 444 ἄδεια,

174 462 389 528 αἰσχύνη,
423 465 460 511 εἰ
494 461 557 525 μὴ
591 461 676 525 τὴν
710 463 831 528 ἄγαν
866 462 1040 526 ταύτην
1078 463 1298 530 ἐξουσίαν
1337 463 1546 530 σχήσετε
1586 471 1667 515 νῦν

154 545 291 607 ὑμεῖς.
350 545 516 610 νομίζω
549 546 703 595 τοίνυν
729 553 759 571 ¹¹¹
771 547 901 609 ὑμᾶς,
932 543 967 594 ὦ
999 546 1161 612 ἄνδρες
1190 548 1446 610 Ἀθηναῖοι,
1474 548 1526 597 οὐ
1562 549 1664 598 καθ’

153 626 202 676 ἕν
230 649 275 677 τι
308 626 451 688 μόνον
484 626 591 681 τοὺς
619 627 882 693 προγόνους
916 628 1223 691 μιμουμένους
1249 630 1398 695 ὀρθῶς
1424 628 1481 679 ἂν
1507 635 1717 692 ποιεῖν,25

55 709 285 766 gudam&
329 712 402 759 καὶ
455 710 572 760 κατὰ
623 711 778 761 πάντα
828 710 922 761 ὅσα
973 711 1202 776 ἔπραττον
1253 714 1436 781 ἐφεξῆς.
1508 715 1667 764 ἐκεῖνοι

151 793 318 854 τοίνυν,
347 796 407 846 ὡς
440 794 681 857 Πᾶπαντες,
709 796 757 845 εὖ
792 793 872 845 οἷδ’
902 795 985 857 ὅτι,
1012 795 1094 845 τὸν
1121 795 1295 861 Ολόγον
1327 803 1493 847 τοῦτον
1518 798 1661 857 Ροἰκη-

150 875 300 938 κόατε,
340 878 561 927 Καλλίαν
599 877 681 928 τὸν
713 879 980 929 Ἱππονίκου
1019 879 1192 943 ταύτην
1228 879 1313 943 τὴν
1351 879 1440 930 ὑπὸ
1475 880 1667 931 πάντων

151 961 501 1026 ἐιθρυλουμένην
539 960 722 1026 εἰρήνην
759 962 1141 1027 πρεσβεύσαντα,
1184 964 1330 1014 ἵππου
1368 963 1452 1027 μὲν
1492 962 1667 1029 δρόμον

150 1043 322 1109 ἡμέρας
364 1042 479 1109 πεζῇ
524 1043 588 1107 μὴ
628 1046 922 1105 καταβαίνειν
963 1047 1037 1096 ἐπὶ
1082 1045 1197 1109 Υτὴν
1241 1045 1484 1097 θάλατταν
1524 1053 1762 1111 βασι-429

151 1126 251 1187 λεά,
292 1125 420 1180 ἐντὸς
461 1127 509 1177 δὲ
552 1131 873 1178 5Χελιδονεῶν
913 1131 986 1178 καὶ
1032 1133 1254 1180 Κυανεῶν
1299 1130 1453 1199 πλοίῳ
1503 1134 1668 1198 μακρῷ

149 1209 214 1274 μὴ
253 1216 404 1273 πλεῖν,
446 1211 516 1262 ὅτι
561 1214 689 1277 δῶρα
736 1217 902 1272 λαβεῖν
954 1212 1085 1280 ἔδοξε
1135 1213 1454 1278 πρεσβεύσας,
1499 1219 1666 1280 μικροῦ

149 1293 234 1358 μὲν
272 1295 557 1358 ἀπέκτειναν,
596 1297 644 1345 ἐν
682 1295 729 1345 δὲ
768 1300 867 1348 ταῖς
908 1294 1117 1349 εὐθύναις
1160 1296 1449 1360 πεντήκοντα
1487 1297 1662 1362 ῑέπροί-

0 1371 1 1382 ¹
56 1377 296 1445 312ξαντο
330 1377 554 1429 τάλαντα.
611 1380 759 1428 καίτοι
792 1379 973 1429 καλλίω
1000 1379 1171 1442 ταύτης
1197 1379 1379 1444 εἰρήνην
1412 1381 1513 1430 οὔτε
1549 1379 1695 1446 πρό-5

151 1486 284 1528 τερον
310 1465 407 1513 οὔθ’
437 1465 633 1528 ὕστερον
660 1464 805 1516 οὐδεὶς
837 1461 894 1512 ἂν
926 1467 1067 1513 εἰπεῖν
1103 1464 1199 1530 ε”χοι
1232 1464 1546 1528 πεποιημένην
1580 1464 1666 1528 τὴν

150 1545 305 1598 πόλιν.
345 1548 453 1596 ἀλλ’
475 1547 557 1596 “οὐ
583 1547 705 1596 τοῦτ’
729 1546 975 1597 ἐσκόπουν.
1022 1547 1212 1597 Χτούτου
1238 1546 1322 1609 μὲν
1347 1547 1440 1613 γὰρ
1465 1549 1666 1612 ἡγοῦντο

151 1629 237 1694 τὴν
263 1632 416 1680 αὐτῶν
443 1628 610 1695 ἀρετὴν
638 1631 713 1680 καὶ
748 1629 832 1693 τὴν
867 1633 949 1693 τῆς
979 1629 1163 1684 πόλεως
1191 1630 1336 1699 δόξαν
1362 1633 1512 1681 αἰτίαν
1538 1630 1666 1696 εῖναι,

153 1720 234 1764 τοῦ
261 1714 309 1764 δὲ
340 1719 510 1779 προῖκα
541 1712 570 1777 ἦ
607 1713 670 1777 μὴ
702 1711 784 1764 τὸν
817 1713 992 1780 τρόπον
1027 1720 1109 1764 τοῦ
1146 1720 1457 1780 πρεσβευτοῦ·
1500 1721 1665 1767 τοῦτον
1681 1741 1719 1762 10

151 1799 232 1848 οὖν
252 1799 427 1848 δίκαιον
445 1797 606 1865 ἠξίουν
625 1797 915 1864 παρέχεσθαι
942 1800 1015 1847 καὶ
1036 1797 1388 1863 ἀδωροδόκητον
1408 1797 1490 1849 τὸν
1509 1822 1665 1865 προσ-

55 1897 136 1939 313
152 1881 279 1932 ιόντα
304 1887 398 1934 τοῖς
424 1887 604 1934 κοινοῖς.
643 1883 802 1931 ἐκεῖνοι
827 1881 911 1944 μὲν
929 1881 1110 1932 Υτοίνυν
1130 1883 1274 1935 οὕτως
1301 1883 1469 1949 ἐχθρὸν
1496 1883 1664 1947 ἡγοῦν-

149 1989 203 2016 το
234 1964 287 2016 rb
315 1967 587 2031 δωροδοκεῖν
612 1967 687 2015 καὶ
718 1965 996 2019 ἀλυσιτελὲς
1027 1970 1084 2033 τῇ
1117 1965 1267 2028 πόλει,
1295 1964 1419 2016 ὥστε
1455 1966 1558 2029 μήτ’
1587 1969 1662 2018 ἐπὶ

148 2048 363 2117 πράξεως
400 2051 625 2112 μηδεμιᾶς
661 2048 766 2113 μήτ’
802 2051 873 2100 ἐπ’
907 2049 1073 2115 ἀνδρὸς
1109 2053 1187 2100 ἐᾶν
1225 2052 1487 2117 γίγνεσθαι·
1539 2054 1664 2114 ὑμεῖς

152 2132 212 2195 δὲ,
240 2131 277 2183 cg
310 2134 473 2199 ἄνδρες
504 2134 760 2197 Ἀθηναῖοι,
787 2133 871 2196 τὴν
906 2133 1049 2196 αὐτὴν
1083 2133 1265 2200 εἰρήνην
1301 2134 1574 2201 Ζἑορακότες
1604 2135 1664 2186 τὰ
1679 2161 1715 2193 ¹5

150 2217 234 2279 μὲν
274 2222 367 2267 τῶν
408 2217 674 2284 συμμάχων
719 2223 812 2268 τῶν
855 2218 1120 2284 ἱῑὺμετέρων
1165 2220 1292 2285 τείχη
1335 2223 1664 2287 καθῃρηκυῖαν,

150 2299 233 2354 τὰς
271 2300 318 2351 δὲ
362 2305 455 2351 τῶν
498 2301 748 2366 πρέσβεων
787 2303 930 2354 οἰκίας
971 2304 1324 2365 οἰκοδομοῦσαν,
1365 2305 1439 2353 καὶ
1482 2302 1541 2353 τὰ
1581 2302 1665 2366 μὲν

1485 2385 1502 2403 ιλ

150 2387 231 2460 τῆς
282 2384 466 2438 πόλεως
517 2383 535 2411 ¹'
551 2383 763 2449 κτήματα
815 2385 1131 2453 ἀφῃρημένην,
1172 2385 1351 2440 τούτοις
1396 2389 1432 2437 δ’
1478 2411 1507 2436 α
1557 2389 1662 2449 μηδ’

206 2533 215 2560 i
235 2537 268 2570 αἱ
288 2548 356 2570 om.
373 2536 415 2570 Y.
505 2533 524 2560 k
545 2537 586 2569 τὰ
606 2548 675 2570 om.
697 2536 741 2570 O.
838 2534 848 2561 l
868 2536 1012 2581 αἰσχύνη
1034 2550 1102 2571 om.
1127 2539 1161 2571 S.
1245 2544 1275 2562 m
1298 2539 1379 2581 ὑμᾶς
1400 2544 1479 2583 post
1498 2539 1615 2581 ἅνδρες
1633 2551 1661 2572 r.

154 2593 169 2609 Π
192 2588 353 2635 ἅπαντες]
378 2591 500 2624 πάντες
519 2602 546 2624 r.
741 2596 758 2614 0
779 2592 885 2635 λόγον
904 2590 939 2623 in
959 2603 1079 2624 rasura
1098 2597 1231 2636 septem
1253 2592 1306 2625 vel
1326 2598 1406 2625 octo
1426 2592 1604 2625 literarum
1626 2592 1661 2625 S.

153 2648 172 2675 P
191 2642 367 2688 ἀκηκόατε]
391 2643 550 2686 ἀκηκόατε
569 2644 690 2676 τοῦτον
708 2644 743 2676 k.
908 2649 926 2675 (1
948 2644 1176 2687 θρυλουμένην
1196 2644 1459 2683 A.F.S.Y.Q.k.
1490 2645 1660 2688 θρυλλου-

152 2697 253 2739 μένην
271 2696 389 2741 vulgo.
501 2702 516 2720 Γ
535 2696 595 2739 τὴν
614 2708 683 2729 om.
706 2696 829 2734 FQUI·
947 2703 958 2714 ³
979 2698 1412 2742 Χελιδονεῶν-Κυανεῶν]
1441 2698 1663 2731 Scribebatur

153 2747 579 2783 Χελιδονέων-Κυανέων,
629 2749 774 2783 Correxi
793 2756 975 2782 accentum
997 2762 1038 2783 ex
1058 2751 1112 2790 A.,
1134 2751 1192 2795 qui
1212 2751 1661 2794 χελιδοναιῶν-κυαναιῶν,

152 2800 374 2846 χελιδοναίων
394 2814 420 2836 S.
451 2803 683 2847 χελειδονειων
705 2803 740 2836 S.
774 2801 934 2836 κυαναίων
954 2815 980 2835 r.
1020 2804 1230 2837 Accentibus
1250 2809 1343 2837 earet
1365 2804 1399 2837 S.
1529 2802 1543 2828 t
1562 2804 1664 2848 ἐπρά-

153 2856 254 2898 ξαντο
274 2855 437 2900 τάλαντα]
460 2856 609 2888 τάλαντα
629 2856 817 2899 ἐπράξαντο
837 2856 982 2889 A.k.r.s.
1095 2863 1114 2881 u
1136 2857 1174 2889 οὐ
1195 2869 1262 2889 om.
1287 2856 1369 2890 O.u.
1483 2863 1498 2878 x
1519 2855 1659 2902 τούτου]

152 2910 254 2941 τοῦτο
274 2907 316 2941 Y.
455 2915 472 2941 Υ
492 2908 621 2954 τοίνυν]
646 2907 704 2941 οὖν
725 2909 838 2942 A.k.s.
977 2915 992 2934 Ζ
1013 2909 1202 2954 ἑορακότες]
1228 2910 1451 2944 Scribebatur
1471 2911 1662 2955 ἑωρακότες.

154 2966 172 2985 a
191 2960 376 3006 ὑμετέρων]
401 2961 568 3006 ἡμετέρων
589 2962 702 2995 A.k.S.
806 2957 825 2985 b
846 2960 1011 3007 κτήματα]
1032 2963 1187 3006 χρήματα
1207 2975 1232 2996 s.
