1882 3250
49 198 142 236 100,
161 199 215 226 26.
482 189 608 225 ΠΕΡΙ
639 187 755 225 ΤΩΝ
788 187 861 224 EN
893 187 1263 224 ΧΕΡΡΟΝΗΣΩΙ.
1550 187 1632 227 107

41 321 96 361 42
109 298 404 359 βεβιασμένα
466 301 541 349 καὶ
592 296 934 364 καταφεύξεται
995 294 1113 361 πρὸς
1177 298 1307 358 ὑμᾶς·
1373 295 1479 346 ἐστὲ
1529 297 1622 362 γὰρ

111 384 235 443 ὑμεῖς
276 383 358 431 οὐκ
399 383 530 432 αὐτοὶ
568 382 912 442 πλεονεκτῆσαι
963 382 1038 429 καὶ
1081 383 1336 446 κατασχεῖν
1381 379 1531 445 ἀρχὴν
1573 380 1650 429 εὖ5

109 463 380 532 πεφυκότες,
413 467 526 514 ἀλλ’
561 464 718 529 ἕτερον
757 468 924 522 λαβεῖν
959 468 1173 513 κωλῦσαι
1209 465 1285 513 καὶ
1321 463 1471 528 ἔχοντ’
1508 465 1622 530 ἀφε-

110 549 283 599 λέσθαι
320 550 472 610 δεινοὶ,
499 551 573 598 καὶ
612 547 737 599 ὅλως
770 549 1027 613 ἐνοχλῆσαι
1064 551 1160 599 τοῖς
1196 546 1355 612 ἄρχειν
1389 547 1623 608 βουλομέ-

111 656 203 687 νοις
247 635 322 683 καὶ
365 631 546 685 πάντας
589 631 863 697 ἀνθρώπους
909 635 972 684 εἰς
1016 631 1281 696 ἐλευθερίαν
1325 631 1622 697 Ξοἰφελέσθαι

110 717 294 780 ἕτοιμοι.
335 718 500 767 οὔκουν
539 716 763 776 βούλεται
809 720 905 768 τοῖς
945 716 1109 764 ἑαυτοῦ
1160 719 1334 780 καιροῖς
1384 713 1469 775 τὴν
1508 718 1620 779 παρ’
1640 736 1677 756 10

111 803 239 865 ὑμῶν
277 801 540 867 ἐλευθερίαν
575 798 850 868 ἐφεδρεύειν,
882 798 1010 849 ῗούδὲ
1045 804 1234 848 πολλοῦ
1276 801 1353 858 δεῖ,
1384 798 1436 847 οὐ
1472 801 1623 849 κακῶς

42 902 96 944 43
112 886 206 936 οὐδ’
249 887 405 951 ἀργῶς
445 889 593 934 ταῦτα
632 881 947 949 λογιζόμενος.
995 886 1184 947 πρῶτον
1227 880 1339 945 “μὲν
1388 879 1444 945 δὴ
1485 886 1622 931 τοῦτο

110 971 191 1026 δεῖ,
218 967 386 1035 ἐχθρὸν
413 966 719 1035 ὑπειληφέναι
755 969 838 1029 τῆς
875 967 1115 1018 πολιτείας
1154 967 1230 1016 καὶ
1266 968 1348 1029 τῆς
1381 967 1618 1030 δημοκρα-

109 1052 210 1106 τίας
236 1051 555 1102 ἀδιάλλακτον
592 1052 781 1101 ἐκεῖνον·
823 1054 860 1100 εἰ
895 1048 989 1115 γὰρ
1023 1048 1088 1113 μὴ
1123 1054 1260 1100 τοῦτο
1297 1048 1624 1112 πεισθήσεσθε

110 1141 209 1189 ταῖς
243 1139 436 1203 ψυχαῖς,
463 1135 546 1185 οὐκ
584 1133 833 1196 ἐθελήσετε
873 1132 986 1198 ὑπὲρ
1025 1137 1119 1182 τῶν
1144 1131 1439 1197 πραγμάτων
1464 1155 1618 1183 σπου·
1641 1154 1675 1184 15

111 1218 274 1284 δάζειν·
317 1218 530 1283 δεύτερον
570 1219 608 1267 δ’
649 1216 810 1266 εἰδέναι
851 1220 1022 1284 σαφῶς
1060 1215 1130 1266 ὅτι
1168 1215 1306 1266 πάνθ’
1334 1215 1428 1265 ὅσα
1463 1238 1620 1281 πραγ-

110 1301 352 1365 ματεύεται
416 1303 491 1351 καὶ
542 1298 932 1365 κατασκευάζεται
996 1305 1091 1359 νῦν,
1143 1300 1215 1349 ἐπὶ
1265 1297 1352 1361 τὴν
1404 1299 1627 1364 ἡμετέραν

111 1385 255 1437 πόλιν
296 1383 732 1450 ιηπαρασκευάζεται,
772 1385 846 1433 καὶ
885 1383 1002 1433 ὅπου
1046 1405 1114 1436 τις
1154 1384 1325 1433 ἐκεῖνον
1365 1381 1626 1443 Χάμύνεται,

47 1470 290 1532 44ἐνταῦθ’
320 1467 434 1534 ὑπὲρ
472 1468 631 1531 Υὴμῶν
670 1466 929 1530 Ζἀμύνεται.
970 1467 1022 1516 οὐ
1061 1465 1154 1531 γὰρ
1193 1467 1344 1516 ἣοῦτω
1383 1467 1424 1531 γ’
1460 1466 1625 1531 εὐήθης
1640 1496 1679 1518 20

278 1551 436 1616 szpcssv
472 1553 617 1605 οὐδεὶς
651 1550 725 1604 οὓς
763 1550 1092 1614 ὑπολαμβάνει
1129 1549 1210 1600 τὸν
1250 1550 1493 1601 Φίλιππον
1533 1555 1627 1601 τῶν

112 1556 242 1604 ἐστὶν

112 1637 198 1701 μὲν
223 1639 271 1688 ἐν
298 1635 466 1705 Θρᾴκῃ
505 1640 661 1686 κακῶν
690 1634 789 1704 (ἀτί
810 1633 903 1700 γὰρ
942 1632 1026 1684 Εᾶν
1051 1633 1176 1684 ἄλλο
1211 1657 1279 1686 τις
1316 1634 1434 1684 εἴποι
1460 1639 1621 1699 Δρογ-

113 1724 252 1789 γίλον
291 1723 366 1772 καὶ
404 1720 660 1784 ῘΚαβύλην
703 1722 805 1770 ἕκαὶ
845 1718 1126 1783 Μάστειραν
1156 1720 1230 1768 καὶ
1270 1715 1301 1767 ἂ
1340 1724 1421 1768 νῦν
1459 1718 1633 1786 ἐξαιρεῖ

115 1808 189 1858 καὶ
240 1804 630 1870 κατασκευάζεται
653 1813 689 1866 ;)
745 1803 924 1854 τούτων
968 1801 1052 1865 μὲν
1103 1803 1339 1864 ἐπιθυμεῖν
1389 1804 1463 1852 καὶ
1514 1801 1628 1868 ὑπὲρ

114 1896 197 1941 τοῦ
248 1894 395 1940 ταῦτα
437 1892 603 1949 λαβεῖν
649 1890 723 1938 καὶ
767 1886 939 1939 πόνους
989 1887 1064 1936 καὶ
1116 1890 1345 1952 χειμῶνας
1395 1888 1471 1936 καὶ
1521 1885 1628 1939 τοὺς
1642 1920 1680 1951 25

49 1994 102 2035 45
116 1972 344 2041 ἐσχάτους
370 1971 607 2025 κινδύνους
635 1971 890 2035 ὑπομένειν,
916 1975 1010 2021 τῶν
1037 1970 1084 2020 δὲ
1111 1970 1401 2029 1νΑθηναίων
1427 1970 1630 2032 λιμένων

118 2123 138 2152 ‘l
156 2113 278 2161 γένοιτ’
298 2112 357 2160 ἂν]
381 2112 422 2148 ἂν
441 2114 574 2159 γένοιτο
593 2113 723 2147 Y.A.F.
872 2118 887 2137 ¹⁸
907 2111 1207 2158 συμβεβιασμένα]
1231 2113 1444 2155 βεβιασμένα
1463 2111 1628 2145 Y.O.u.V.

117 2174 132 2194 ⁵
150 2168 342 2214 ἀφελέσθαι
362 2168 446 2202 A.S.
478 2167 711 2211 ἐξαφελέσθαι
730 2166 848 2212 vulgo.
882 2166 1059 2210 ἐξελέσθαι
1080 2177 1115 2210 p.
1144 2172 1229 2212 135,
1253 2164 1288 2199 8.
1438 2168 1448 2187 ῐ
1468 2165 1564 2210 οὐδὲ]
1590 2165 1629 2198 οὐ

116 2235 168 2268 pr.
190 2221 233 2256 Ο.
392 2228 410 2247 U
440 2222 502 2265 μὲν
521 2221 561 2264 δὴ
579 2220 699 2266 τοῦτο]
724 2221 785 2264 μὲν
803 2220 842 2254 ἂν
862 2221 964 2253 τοῦτο
986 2219 1021 2252 S.
1071 2219 1271 2264 Legebatur
1296 2219 1356 2261 μὲν
1377 2219 1416 2262 δὴ
1438 2219 1492 2252 διὰ
1512 2221 1626 2252 τοῦτο.

1242 2277 1256 2292 Κ
1288 2276 1306 2292 Τ

119 2310 325 2345 Correctum
358 2321 402 2343 ex
429 2320 465 2354 p.
501 2315 586 2355 135,
621 2318 680 2342 11.
845 2311 859 2325 v
893 2304 1198 2350 παρασκευάζεται]
1236 2306 1525 2349 παρασκευάζεται
1555 2318 1626 2340 u.v.

118 2401 139 2421 ¹
158 2395 332 2441 ἀμύνεται]
355 2395 526 2439 ἀμυνεῖται
544 2397 586 2429 A.
685 2400 702 2428 Y
723 2394 831 2440 ἡμῶν]
858 2395 950 2438 ὑμῶν
971 2393 1098 2428 S.Y.O.
1128 2374 1220 2437 ήμῶν
1240 2392 1280 2427 F.
1378 2399 1394 2417 Ζ
1413 2391 1571 2437 ἀμύνεται
1594 2393 1628 2427 S.

119 2455 154 2484 et
180 2456 354 2484 correctus
383 2449 427 2484 Y.
478 2449 676 2495 Legebatur
701 2448 884 2491 ἀμυνεῖται.
1023 2454 1035 2468 ³¹
1059 2446 1147 2481 οὕτω
1175 2446 1206 2492 γ’
1234 2446 1354 2490 εὐήθης
1382 2445 1494 2491 ἐστὶν]
1525 2445 1631 2481 οὕτως

119 2503 213 2537 ἐστὶν
231 2502 350 2547 εὐήθης
368 2503 455 2536 A.Y.
583 2499 603 2527 b
623 2502 715 2544 ὑμῶν
736 2513 805 2535 om.
828 2500 863 2534 S.
994 2508 1010 2527 (“
1031 2499 1067 2536 ὃς
1087 2499 1338 2544 ὑπολαμβάνει]
1363 2498 1453 2532 ὥστε
1474 2499 1628 2543 ὑπολαμ-

117 2556 232 2596 βάνειν
250 2555 503 2591 A.F.Y.O.u.V.
627 2551 646 2579 d
667 2554 715 2600 τί]
739 2554 779 2588 οὐ
800 2554 834 2588 S.
964 2559 979 2579 e
999 2552 1038 2588 ἂν
1057 2554 1148 2588 ἄλλο
1168 2567 1218 2588 τις
1236 2553 1322 2587 A.Y.
1346 2558 1380 2586 et
1400 2565 1436 2597 p.
1461 2559 1543 2599 135,
1572 2562 1629 2597 ¹7·

119 2621 198 2643 cum
218 2609 510 2655 Harpocratione.
543 2608 741 2655 Legebatur
759 2607 850 2641 ἄλλο
870 2621 919 2642 τις
940 2606 990 2641 ἅν.
1120 2605 1130 2628 ἴ
1149 2604 1327 2652 Καβύλην]
1352 2604 1498 2648 καβύδην
1520 2605 1554 2640 S.
1575 2606 1632 2639 hic

119 2667 155 2696 et
172 2675 208 2708 p.
236 2672 320 2710 135,
346 2661 403 2697 18.
544 2667 564 2695 g
585 2663 637 2695 καὶ
656 2662 854 2705 Μάστειραν
874 2672 943 2694 om.
965 2672 1016 2705 pr.
1041 2660 1076 2694 S.
1119 2659 1363 2704 Harpocratio,
1386 2659 1576 2704 Μάστειρα,
1598 2659 1632 2692 ἐν

121 2714 222 2761 ὀγδόῃ
243 2718 452 2750 Φιλιππικῶν
473 2715 702 2758 Δημοσθένης·
735 2719 756 2731 “
774 2717 840 2747 τῶν
859 2714 919 2756 μὲν
940 2713 974 2746 ἐν
995 2713 1108 2757 Θρᾴκῃ
1136 2715 1254 2750 κακῶν,
1275 2712 1309 2744 τί
1327 2712 1392 2757 γὰρ
1413 2714 1453 2744 ἀν
1471 2711 1561 2745 ἄλλο
1582 2727 1633 2748 τις

121 2767 208 2803 εἴποι
226 2767 422 2815 Δρογγίλον
441 2769 493 2802 καὶ
519 2766 678 2810 Καβύλην
707 2767 759 2800 καὶ
786 2767 982 2810 Μάστειραν
996 2765 1027 2808 ;’'
1057 2765 1187 2809 μήποτε
1207 2764 1376 2810 γραπτέον
1396 2766 1584 2808 Βάστειραν
1612 2765 1630 2809 ἢ

121 2822 306 2867 Πίστειραν
325 2821 344 2865 ἢ
362 2821 586 2865 Ἐπὶμαστον,
608 2820 680 2853 ἐπεὶ
698 2819 821 2854 ταύτας
840 2820 899 2853 τὰς
920 2821 1038 2854 πόλεις
1057 2819 1256 2863 εὑρίσκομεν
1275 2816 1353 2862 παρ’
1367 2816 1577 2862 Ἀναξιμένει
1597 2818 1632 2852 ἐν

123 2875 256 2923 ἑβδόμῳ
293 2878 360 2909 τῶν
391 2875 469 2920 περὶ
501 2872 683 2913 Φίλιππον,
713 2873 773 2915 τὴν
810 2872 845 2905 δέ
879 2873 1075 2916 Μάστειραν
1109 2872 1256 2915 οὐδαμοῦ
1285 2870 1415 2914 μνήμης
1444 2874 1631 2915 τυχοῦσαν.

123 2923 145 2952 h
161 2929 343 2972 Ἀθηναίων
364 2928 401 2964 S.
451 2927 650 2974 Legebatur
667 2925 842 2969 Ἀθήνῃσι.
883 2925 1015 2959 Eadem
1036 2926 1216 2971 scripturae
1237 2924 1469 2970 discrepantia
1488 2937 1520 2970 p.
1544 2935 1557 2958 1
1570 2935 1630 2966 22,

130 2990 187 3026 13.
209 2987 244 3016 et
269 2988 352 3029 135,
377 2993 436 3016 21.

839 3054 861 3080 P
886 3052 907 3078 2
