1882 3250
20 176 74 221 ᾗς,
92 183 142 208 13.
611 173 972 212 ΟΛΎΝΘΙΑΚΟΣ
1003 174 1044 210 Γ.
1526 172 1583 215 39

78 279 180 345 ζων,
219 279 349 330 ἀλλὰ
387 281 563 332 δικαίου
603 282 803 332 πολίτου
847 282 987 346 κρίνω
1030 280 1116 344 τὴν
1153 285 1247 331 τῶν
1291 281 1584 346 πραγμάτων
1599 304 1634 335 15

22 382 35 411 ι
39 379 64 424 5
77 362 316 426 σωτηρίαν
350 365 452 413 ἀντὶ
491 366 573 425 τῆς
613 365 661 413 ἐν
692 368 758 431 τῷ
794 363 948 428 λέγειν
987 362 1175 429 χάριτος
1217 367 1462 428 αἱρεῖσθαι.
1510 367 1583 414 καὶ

77 443 171 509 γὰρ
220 442 327 496 τοὺς
370 445 445 494 ἐπὶ
489 449 583 494 τῶν
626 443 874 510 προγόνων
924 445 1077 508 Εὴμῶν
1122 445 1351 509 λέγοντας
1399 443 1583 506 Ῑάκούω,

77 525 240 590 ὥσπερ
274 526 390 579 ’ίσως
434 528 510 576 καὶ
543 528 681 589 ὑμεῖς,
721 526 799 580 οὓς
840 529 1082 578 ἐπαινοῦσι
1115 527 1200 590 μὲν
1235 531 1276 577 οὶ
1317 527 1585 592 ἕπαριόντες

75 606 289 670 ἅπαντες,
333 614 580 671 μιμοῦνται
621 612 656 658 δ’
703 611 756 659 οὐ
790 610 927 672 πάνυ,
971 611 1120 679 τούτῳ
1159 614 1225 678 τῷ
1270 610 1360 660 ε”θει
1404 612 1479 660 καὶ
1519 615 1585 679 τῷ

74 689 234 758 τρόπῳ
277 693 359 754 τῆς
399 691 637 745 πολιτείας
677 695 898 758 χρῆσθαι,
940 692 1021 742 τὸν
1063 693 1363 757 Ἀριστείδην
1400 694 1637 754 ἐκεῖνον,εο

11 783 60 821 26
75 771 157 823 τὸν
192 774 373 835 Νικίαν,
401 773 483 824 τὸν
517 775 763 838 ὁμώνυμον
797 775 1020 844 1Ἰέμαυτῲ,
1047 776 1129 826 τὸν
1159 776 1406 842 Περικλέα.
1444 776 1501 844 ἐξ
1532 776 1585 826 οὗ

1500 866 1527 888 “
1541 860 1590 909 τί

75 856 114 905 δ’
158 860 200 906 οἱ
250 853 574 922 ἰδιερωτῶντες
614 860 731 920 ὑμᾶς
782 858 906 908 οὗτοι
950 858 1193 926 πεφήνασι
1243 858 1448 925 ῥήτορες,

76 945 103 968 “
118 938 386 999 βούλεσθε;
440 941 488 990 τί
533 940 741 1009 γράψως
799 943 848 991 τί
894 943 1000 1004 ὑμῖν
1049 940 1346 1009 Ιςχαρίσωμαι
1366 942 1407 1002 ;’'
1460 964 1578 1007 προ-

73 1021 273 1071 πέποται
313 1025 396 1084 τῆς
438 1025 701 1088 παραυτίκα
744 1023 949 1090 1χοὶριτος
992 1024 1050 1075 τὰ
1091 1027 1174 1087 τῆς
1210 1023 1392 1077 πόλεως
1431 1023 1583 1089 πράγ-
1597 1042 1634 1073 25

74 1125 200 1165 ματα
242 1106 317 1153 καὶ
361 1108 537 1154 τοιαυτὶ
575 1107 841 1168 συμβαίνει,
878 1109 953 1156 καὶ
993 1106 1052 1157 τὰ
1091 1106 1176 1169 μὲν
1216 1106 1394 1156 τούτων
1429 1106 1586 1156 πάντα

10 1199 60 1242 27
75 1191 232 1239 καλῶς
275 1187 383 1254 ἔχει,
427 1188 486 1238 τὰ
525 1190 561 1238 δ’
602 1189 796 1254 ὑμέτερα
846 1193 1069 1256 αἰσχρῶς.
1125 1190 1271 1239 καίτοι
1313 1189 1583 1256 σκέψασθε,

75 1266 113 1318 ὦ
138 1271 300 1335 ἄνδρες
324 1272 578 1335 Ἀθηναῖοι,
613 1270 644 1321 ἅ
674 1294 742 1325 τις
778 1270 835 1321 ἂν
870 1271 1106 1340 κεφάλαια
1144 1276 1284 1322 εἰπεῖν
1318 1271 1454 1338 ωὲχοι
1493 1277 1587 1322 τῶν

74 1353 112 1402 τ’
140 1353 213 1403 ἐπὶ
248 1357 342 1403 τῶν
367 1352 614 1419 προγόνων
649 1354 798 1419 ἔργων
825 1356 900 1404 καὶ
933 1359 1027 1404 τῶν
1059 1355 1130 1422 ἐφ’
1164 1355 1337 1416 Πὺμῶν.
1376 1354 1510 1404 ἔσται
1538 1354 1586 1404 δὲ

74 1433 255 1502 βραχὺς
295 1438 370 1485 καὶ
407 1436 639 1501 γνώριμος
682 1439 787 1498 ὑμῖν
826 1439 851 1487 ὁ
891 1435 1050 1502 λόγος·
1092 1439 1145 1487 οὐ
1185 1437 1279 1503 γὰρ
1314 1438 1584 1503 ἀλλοτρίοις
1597 1456 1651 1498 35

76 1519 182 1581 ὑμῖν
225 1519 478 1585 χρωμένοις
521 1521 913 1585 παραδείγμασιν,
949 1521 1057 1569 ἀλλ’
1105 1521 1298 1578 οἰκείοις,
1341 1518 1377 1570 ὦ
1422 1521 1585 1586 ἄνδρες

10 1601 330 1664 28Ἀθηναῖοι,
357 1603 626 1664 εὐδαίμοσιν
660 1602 818 1669 ἔξεστι
853 1602 1088 1666 γενέσθαι.
1133 1605 1291 1652 ἐκεῖνοι
1320 1603 1489 1660 τοίνυν,
1519 1601 1585 1655 οἷς

74 1685 157 1734 οὐκ
200 1685 451 1750 ἐχαρίζονθ’
493 1688 534 1734 οἱ
580 1684 796 1748 λέγοντες
837 1686 933 1734 οὐδ’
976 1686 1171 1753 ἐφίλουν
1213 1684 1378 1738 αὐτοὺς
1422 1684 1585 1751 ὥσπερ

74 1768 191 1830 ὑμᾶς
235 1768 360 1818 οὗτοι
403 1773 524 1825 Ονῦν,
565 1768 701 1819 πέντε
742 1767 827 1830 μὲν
868 1769 943 1817 καὶ
988 1767 1329 1833 τετταράκοντα
1370 1768 1448 1831 ε”τη
1491 1773 1613 1819 τῶν5

73 1849 325 1913 Ἑλλήνων
358 1850 508 1919 ἧρξαν
539 1851 754 1908 ἑκόντων,
782 1852 931 1901 πλείω
967 1854 1008 1900 δ’
1037 1851 1064 1915 ὴ
1101 1852 1242 1917 μύρια
1277 1851 1489 1902 τάλαντα
1523 1856 1584 1905 εἷς

73 1933 159 1997 τὴν
184 1933 446 1999 ἀκρόπολιν
477 1933 756 1998 Ροῖνήγαγον,
783 1933 1009 1997 Ἷὺπήκουε
1045 1934 1093 1984 δὲ
1120 1936 1144 1983 ὁ
1176 1934 1350 1997 ταύτην
1375 1933 1461 1997 τὴν
1485 1934 1581 2000 χώ-

73 2039 161 2082 ραν
187 2017 305 2083 ἔχων
331 2018 485 2069 αὐτοῖς
509 2016 753 2076 βασιλεὺς,
782 2016 944 2081 ὥσπερ
983 2019 1085 2066 ἐστὶ
1120 2020 1365 2082 προσῆκον
1398 2017 1585 2083 βάρβα-

75 2122 159 2164 ρον
189 2098 421 2162 ’Έλλησα
459 2098 624 2149 πολλὰ
662 2098 709 2149 δὲ
745 2101 819 2149 καὶ
855 2099 980 2149 καλὰ
1007 2102 1081 2149 καὶ
1113 2099 1249 2167 ΙΓπεζῇ
1292 2102 1367 2149 καὶ
1399 2122 1580 2163 ναυμα-

75 2189 262 2249 χοῦντες
296 2183 508 2246 ἔστησαν
548 2181 749 2248 τρόπαια
787 2184 916 2232 αὐτοὶ
949 2181 1322 2248 στρατευόμενοι,
1361 2183 1495 2245 μόνοι
1534 2182 1583 2234 δὲ
1601 2205 1636 2225 ¹0

76 2266 335 2331 ἀνθρώπων
355 2267 544 2331 κρείττω
567 2265 650 2328 τὴν
676 2267 749 2316 ἐπὶ
768 2270 863 2318 τοῖς
890 2265 1040 2329 ἔργοις
1067 2265 1212 2333 δόξαν
1232 2271 1325 2316 τῶν
1352 2266 1584 2334 φθονούν-

14 2362 64 2404 29
76 2371 169 2399 των
195 2348 459 2400 κατέλιπον.
497 2350 570 2399 ἐπὶ
593 2348 676 2411 μὲν
702 2348 758 2412 δὴ
784 2353 877 2398 τῶν
896 2349 1194 2411 εΕλληνικῶν
1219 2348 1344 2412 ἦσαν
1370 2355 1582 2400 τοιοῦτοι·

0 2481 4 2504 Ι
76 2433 124 2482 ἐν
155 2431 203 2482 δὲ
237 2436 332 2485 τοῖς
370 2431 488 2481 κατὰ
524 2431 609 2494 τὴν
645 2432 788 2482 πόλιν
814 2430 958 2494 αὐτὴν
984 2431 1225 2482 θεάσασθε
1261 2433 1426 2489 ὁποῖοι,
1455 2432 1502 2482 ε”ν
1536 2455 1585 2482 τε

0 2512 4 2659 Ι
131 2577 147 2596 ⁰
167 2570 275 2615 ἡμῶν]
300 2570 392 2614 ὑμῶν
410 2571 501 2605 A.Y.
618 2567 632 2594 f
649 2570 775 2615 ἀκούω]
800 2569 928 2603 ἀκούων
947 2582 999 2615 pr.
1023 2570 1058 2604 S.
1169 2574 1185 2597 g
1204 2569 1397 2614 παριόντες]
1422 2570 1586 2614 παρόντες

78 2622 244 2657 Y.O.u.v.
394 2620 409 2641 ᾖ
431 2622 578 2668 ἐμαυτῷ]
603 2623 662 2656 τὸν
681 2623 824 2666 ἐμαυτοῦ
845 2624 887 2656 A.
1035 2620 1046 2646 i
1065 2621 1304 2666 διερωτῶντες]
1329 2622 1518 2666 ἐρωτῶντες
1538 2622 1583 2657 O.

0 2673 3 2696 ²
78 2671 100 2699 k
118 2676 311 2720 χαρίσωμαι
330 2675 374 2710 Y.
396 2681 431 2708 et
450 2687 571 2719 margo
593 2675 632 2708 F.
655 2676 741 2716 (non
763 2676 820 2719 Β.)
841 2674 1027 2719 χαρίσομαι
1046 2675 1165 2719 vulgo.
1254 2671 1265 2698 l
1284 2673 1440 2719 χάριτος]
1466 2674 1586 2718 ἡδονῆς

79 2728 131 2761 καὶ
150 2729 289 2772 χάριτος
309 2728 430 2761 O.u.v.
453 2734 488 2760 et
506 2742 561 2772 γρ.
586 2727 671 2761 RF.
749 2733 778 2751 m
798 2727 887 2771 ἔχοι]
911 2727 971 2770 ἔχη
993 2727 1036 2760 Ο.
1058 2732 1093 2760 et
1113 2726 1259 2760 correcti
1279 2738 1350 2760 u.v.
1433 2732 1452 2750 Π
1472 2727 1581 2772 ὑμῶν]

0 2702 4 2947 Ι
79 2779 170 2823 ἡμῶν
189 2781 230 2814 A.
371 2786 388 2804 0
418 2783 475 2813 νῦν
494 2791 564 2813 om.
586 2779 667 2813 ΟΝ.
807 2787 825 2814 Ρ
854 2779 1038 2824 ἀνήγαγον]
1065 2778 1258 2823 συνήγαγον
1278 2778 1395 2812 O.u.v.
1418 2784 1453 2813 et
1471 2794 1525 2825 γρ.
1549 2780 1584 2814 S.

81 2839 100 2867 q
129 2832 273 2876 ὑπήκουε
294 2833 372 2866 libri
392 2839 427 2866 et
446 2832 591 2877 Dionys.
615 2832 696 2866 Hal.
726 2832 793 2865 vol.
815 2830 850 2872 6,
881 2844 915 2876 p.
941 2831 1053 2872 1016,
1075 2829 1109 2865 6.
1140 2831 1311 2874 ὑπήκουσε
1340 2833 1586 2877 grammaticus

0 3007 3 3061 Ι

0 3067 3 3105 Ι

0 3111 3 3150 Ι

79 2894 198 2919 recens
227 2886 263 2919 in
293 2886 404 2919 Bekk.
426 2885 557 2919 Anecd.
580 2897 613 2929 p.
640 2883 725 2930 176,
750 2892 807 2929 17.
838 2884 944 2917 Male.
1100 2890 1115 2908 ¹·
1142 2883 1242 2928 πεζῇ]
1274 2885 1368 2926 πεζοὶ
1387 2884 1430 2919 Β.
1453 2891 1487 2918 et
1510 2897 1585 2919 cor-

79 2942 193 2970 rectus
213 2937 256 2972 Ο.
