1903 3271
270 180 355 221 374
807 183 1234 221 ΔΗΜΟΣΘΕΝΟΥΣ
1376 180 1459 220 On.
1481 180 1619 220 XIX.
1643 195 1682 234 p.
1699 190 1798 234 357,
1815 150 1893 227 14³5*

863 348 1196 388 ΕΠΙΣΤΟΛΑΙ.

201 452 256 505 58
346 441 407 486 Αὶ
439 437 524 499 μὲν
559 438 713 487 τοίνυν
748 438 999 487 ἐπιστολαὶ
1038 442 1268 486 καλοῦσιν
1303 436 1450 497 αὗται,
1483 436 1559 484 καὶ
1594 435 1648 498 νὴ
1688 436 1836 491 Δίαι5
1883 440 1893 470 ·‘

271 519 359 583 ἤδη
404 539 473 584 γε·
516 520 695 572 τούτοις
739 521 792 581 δ’,
832 519 956 584 εἴπερ
998 518 1055 583 ἧν
1095 519 1217 584 ὑγιές
1258 541 1302 568 τι
1343 518 1532 579 τούτων,
1572 519 1620 568 τί
1658 518 1784 568 ἄλλο
1882 511 1884 518 ⁸

269 606 546 669 Ζπροσῆκεν
590 605 618 666 ἢ
663 607 898 653 συνειπεῖν
937 602 1064 655 ὅπως
1109 602 1370 670 ’(’ἐξὲλθοιτε
1412 603 1550 664 ὑμεῖς,
1590 602 1665 651 καὶ
1703 600 1786 651 τὸν

272 685 527 754 Πρόξενον,
556 684 609 736 ὃν
634 687 739 752 περὶ
766 684 873 738 τοὺς
911 685 1083 738 τόπους
1123 684 1301 752 ᾔδεσαν
1328 683 1453 746 ὅντα,
1481 684 1680 750 γράφειν
1706 686 1780 734 εὑ-

267 769 381 822 θέως
416 774 642 833 βοηθεΐν;
685 768 842 819 πάντα
873 770 1028 819 τοίνυν
1064 769 1286 818 τάναντία
1320 767 1498 818 τούτων
1537 768 1784 835 φαίνονται

1239 850 1257 877 b
1897 834 1899 855 Ι

265 852 584 916 πεποιηκότες.
642 851 842 905 εἰκότως·
899 854 952 902 οὐ
991 851 1085 917 γὰρ
1129 850 1195 905 οἷς
1265 851 1524 902 ἐπέστελλε
1567 856 1782 917 οπροσεῖ-
1796 873 1837 894 20
1897 862 1900 924 Q

264 958 352 1002 χον
393 935 475 986 τὸν
517 941 639 997 νοῦν,
680 936 791 985 ἀλλ’
832 933 862 985 ἃ
895 939 1084 1002 φρονῶν
1122 936 1247 985 ταῦτ’
1287 934 1465 1002 ἔγραφε
1496 933 1780 1002 συνῄδεσαν·

195 1038 250 1078 59
264 1019 443 1072 τούτοις
464 1020 545 1069 οὖν
565 1019 891 1084 συνέπραττον
912 1021 986 1068 καὶ
1007 1018 1186 1071 τούτοις
1206 1017 1594 1083 συνηγωνίζοντο.
1639 1022 1680 1068 οἱ
1698 1017 1783 1081 μὲν

263 1104 417 1154 τοίνυν
445 1107 639 1165 Φωκεῖς,
666 1106 728 1155 ὡς
766 1102 826 1152 τὰ
851 1106 958 1168 παρ’
991 1104 1118 1163 ὑμῶν
1143 1103 1370 1152 ἐπύθοντο
1408 1103 1457 1151 ἐκ
1495 1104 1578 1164 τῆς
1615 1103 1782 1165 ἐκκλη-

262 1188 371 1240 σίας
410 1189 485 1237 καῖ
522 1186 576 1237 τό
604 1184 622 1212 d
640 1209 687 1236 τε
715 1186 953 1254 ψήφισμα
991 1187 1112 1236 τοῦτ’
1142 1185 1319 1246 ἔλαβον
1345 1185 1399 1235 τὸ
1425 1191 1507 1235 τοῦ
1534 1184 1774 1251 Φιλοκρά-

260 1294 368 1323 τους
407 1272 483 1321 καὶ
514 1270 599 1334 τὴν
635 1269 958 1334 θάπαγγελιάν
997 1268 1226 1320 ἐπύθοντο
1261 1268 1346 1331 τὴν
1387 1267 1554 1319 τούτου
1588 1270 1662 1318 καὶ
1697 1268 1781 1323 τὰς
1794 1293 1831 1324 25
1887 1272 1891 1322 ζ

262 1356 559 1422 ὑποσχέσεις,
586 1354 706 1405 κατὰ
743 1353 925 1407 πάντας
963 1352 1071 1407 τοὺς
1108 1353 1310 1419 τρόπους
1348 1353 1613 1403 ἀπώλοντο.
1657 1375 1775 1404 σκο-

191 1454 245 1492 60
259 1445 384 1491 πεῖτε
419 1438 526 1505 γάρ.
565 1437 693 1502 ἦσαν
731 1437 1040 1490 ἀπιστοῦντές
1081 1459 1200 1489 τινες
1243 1435 1405 1486 αὐτόθι
1447 1439 1514 1504 τῷ
1553 1437 1781 1506 Φιλίππῳ

258 1525 335 1574 καὶ
367 1522 502 1574 Ῠνοῦν
528 1523 726 1590 ἔχοντες
768 1521 894 1572 οὗτοι
917 1520 1155 1572 πιστεύειν
1182 1528 1202 1555 g
1220 1519 1519 1587 ὑπήχθησαν.
1564 1518 1669 1570 11διὰ
1694 1521 1743 1570 τί
1761 1541 1774 1581 ;

258 1607 330 1657 ὅτι
374 1608 588 1672 ἡγοῦντο,
635 1607 731 1657 οὐδ’
772 1609 809 1655 εἰ
849 1604 1030 1658 δεκάκις
1073 1605 1312 1657 Φίλιππος
1351 1603 1517 1656 αὐτοὺς
1552 1603 1777 1672 ἐξηπάτα,
1791 1609 1890 1667 358

257 1691 464 1742 οὐδέποτ’
485 1689 542 1741 ἂν
569 1691 676 1743 τούς
702 1689 775 1755 ἰ’γε
799 1690 1065 1752 Ἀθηναίων
1085 1690 1311 1754 πρέσβεις
1338 1687 1644 1752 ι(Ἀθηναίους
1671 1687 1774 1756 ἐξα-
1887 1686 1890 1697 ’

1594 1771 1772 1838 ’ἀπήγ-

255 1865 401 1924 γελλε
436 1858 555 1925 πρὸς
596 1861 728 1922 ὑμᾶς,
767 1860 842 1909 καὶ
877 1863 973 1912 τοῖς
1007 1858 1237 1922 Θηβαίοις
1276 1858 1413 1921 ἥκειν,
1453 1864 1483 1883 ¹¹¹
1501 1858 1587 1923 οὐχ
1623 1858 1778 1910 αὑτοῖς

187 1956 236 1994 61
255 1943 470 2009 ὄλεθρον.
512 1941 639 2007 ἦσαν
666 1943 810 1993 ἄλλοι
848 1941 967 1995 τινες
1006 1941 1049 1992 οἳ
1081 1941 1288 2008 πάσχειν
1321 1943 1475 1992 ὁτιοῦν
1509 1943 1584 1991 καὶ
1623 1941 1769 2004 Ποἰμύ-
1789 1962 1806 1992 5

256 2033 421 2078 νεσθαι
459 2031 552 2078 δεῖν
593 2026 756 2096 ᾤοντο·
801 2027 933 2077 ἀλλὰ
965 2030 1040 2078 καὶ
1078 2026 1270 2079 τούτους
1304 2024 1546 2089 μαλακοὺς
1584 2026 1776 2090 ἐποίησε

256 1779 411 1826 πατᾶν
436 1778 692 1838 τολμῆσαι,
720 1775 829 1824 ἀλλ’
859 1772 974 1823 εἶναι
1012 1774 1139 1824 ταῦτ’
1170 1775 1326 1836 ἀληθῆ
1363 1771 1393 1822 ἃ
1424 1772 1557 1825 οὗτος

253 2110 307 2162 τὸ
350 2111 432 2162 τὸν
478 2112 722 2161 Φίλιππον
773 2117 791 2136 ⁰
809 2109 1034 2176 ὑπάρχειν
1079 2111 1234 2162 αὑτοῖς
1283 2112 1549 2172 πεισθῆναι,
1596 2111 1672 2159 καὶ
1721 2107 1776 2160 τὸ

252 2197 379 2245 ταῦτ’
409 2200 444 2245 εἰ
469 2194 534 2258 μὴ
561 2202 580 2229 Ρ
597 2194 882 2257 ποιήσουσιν
909 2204 927 2230 ‘¹
945 2195 1062 2253 ὑμᾶς
1093 2195 1159 2243 ἐπ’
1189 2192 1355 2245 αὐτοὺς
1382 2192 1524 2260 ἥξειν,
1552 2192 1630 2245 οῧς
1656 2197 1774 2256 βοη-

253 2277 418 2343 θήσειν
465 2280 652 2330 Γαὺτοῖς
703 2276 902 2342 ἤλπιζον
952 2279 1127 2327 ἐκεῖνοι.
1186 2275 1317 2326 ἀλλὰ
1368 2278 1443 2326 καὶ
1493 2275 1772 2340 μεταμέλειν
1793 2301 1828 2322 ιο

254 2364 359 2426 ὑμῖν
385 2360 531 2431 ᾤοντό
556 2384 676 2414 τινες
713 2360 1040 2424 πεποιημένοις
1077 2360 1162 2423 τὴν
1185 2359 1304 2425 πρὸς
1343 2366 1357 2385 ⁵
1376 2360 1619 2410 Φίλιππον
1644 2358 1767 2424 εἰρή-

304 2561 321 2579 Ζ
341 2554 529 2600 προσῆκεν]
552 2556 728 2600 προσῆκον
748 2567 774 2588 S.
924 2559 942 2577 a
963 2551 1153 2597 ἐξέλθοιτε]
1176 2551 1335 2595 ἐξέλθητε
1357 2551 1509 2584 S.Y.k.1·.
1662 2549 1677 2568 ‘³
1698 2549 1774 2582 ἔπε’-

250 2608 397 2653 στελλε]
423 2608 634 2642 ἐπέστελλον
654 2620 680 2641 s.
809 2612 824 2630 ⁰
844 2606 1051 2651 προσεῖχον]
1075 2606 1261 2650 προσέχειν
1279 2617 1307 2638 r.
1431 2601 1450 2628 d
1470 2618 1505 2637 τε
1527 2603 1619 2637 delet
1640 2603 1680 2636 Y.
1702 2615 1772 2637 om.

250 2661 428 2696 O.r.t.u.v.
534 2667 550 2686 θ
570 2660 797 2706 ἀπαγγελίαν]
822 2660 1028 2705 ἐπαγγελίαν
1048 2659 1397 2697 A.F.Q.O.r.s.t.u.v.
1420 2662 1455 2691 et
1475 2669 1527 2702 pr.
1551 2656 1584 2691 S.
1607 2656 1666 2702 qui
1684 2655 1705 2689 ἀ
1726 2667 1772 2690 m.

250 2726 316 2748 rec.
339 2714 457 2749 habet.
569 2712 583 2739 f
601 2714 696 2759 νοῦν]
721 2715 779 2747 νῦν
799 2726 833 2747 u.
945 2718 979 2745 ,ἕ
1000 2711 1217 2756 ὑπήχθησαν]
1241 2710 1438 2754 ἐπήχθησαν
1459 2709 1503 2744 Ο.
1628 2706 1647 2733 h
1667 2709 1722 2742 διὰ
1740 2709 1774 2742 τί

248 2767 284 2800 in
304 2781 360 2812 γρ.
384 2767 430 2806 Q.
541 2764 551 2792 i
571 2782 611 2813 γε
630 2780 700 2801 om.
720 2767 834 2800 A.k.s.
946 2762 967 2790 k
985 2764 1199 2810 Ἀθηναίους]
1224 2764 1271 2799 εἷς
1287 2763 1464 2806 ἅθηναίους
1485 2763 1519 2796 S.
1631 2759 1641 2786 Ῑ
1661 2761 1770 2807 ἀπήγ-

247 2822 354 2864 γελλε
375 2821 410 2854 S.
440 2820 622 2866 ἐπήγγειλε
642 2834 668 2854 s.
710 2820 910 2865 Legebatur
928 2818 1127 2864 ἀπήγγειλε.
1284 2822 1314 2841 m
1343 2817 1406 2861 οὐχ
1425 2816 1554 2862 αὑτοῖς]
1579 2816 1639 2848 οὐκ
1658 2815 1772 2850 αὐτοῖς

250 2873 567 2909 F.S.Y.O.r.t.u.v.
679 2879 698 2897 Π
718 2871 923 2917 ἀμύνεσθαι]
946 2871 1136 2914 ἀμύνασθαι
1157 2870 1306 2905 O.t.u.v.
1416 2874 1434 2893 0
1456 2868 1637 2915 ὑπάρχειν]
1664 2867 1770 2912 ὑπάρ-

248 2927 319 2969 ξειν
338 2927 486 2962 A.k.r.s.
598 2932 617 2960 P
636 2925 843 2970 ποιήσουσιν
864 2925 1132 2959 F.Y.O.r.t.u.v.
1155 2929 1190 2958 et
1209 2923 1381 2958 editiones
1396 2927 1478 2956 ante
1498 2921 1692 2962 Reiskium,
1713 2921 1774 2966 qui

247 2991 291 3012 ex
310 2980 353 3012 A.
375 2980 494 3014 intulit
511 2979 717 3024 ποιήσωσιν.
842 2985 862 3012 q
882 2978 983 3024 ὑμᾶς]
1006 2978 1092 3023 ἡμᾶς
1112 2976 1256 3012 O.t.u.v.
1395 2981 1411 3000 Γ
1429 2975 1560 3021 αὑτοῖς]
1583 2974 1705 3009 αὐτοὺς
1725 2974 1770 3012 Q.

248 3035 263 3055 ⁵
284 3030 472 3069 Φίλιππον]
494 3033 554 3067 τὸν
574 3033 746 3078 φίλιππον
764 3033 845 3067 A.k.
