1882 3250
233 163 259 187 x
824 148 1166 188 PRAEFATIO

237 260 415 306 rumvis
443 260 664 306 codicum
692 260 922 316 librarios,
951 261 1065 306 alios
1099 261 1260 313 mrim,
1287 259 1581 320 frequentius
1619 259 1749 313 alios,

235 337 491 399 deliquisse
524 336 756 392 videmus,
785 354 880 382 uno
907 337 1117 382 maxime
1155 352 1343 398 genere,
1370 335 1417 380 in
1453 352 1547 396 quo
1580 335 1752 397 procli-

235 413 304 459 vis
342 412 399 458 ad
435 430 639 458 errorem
666 413 741 457 via
767 421 852 468 cst,
880 413 937 458 ab
965 412 1066 457 aliis
1093 412 1316 457 omnibus
1351 410 1546 456 oratoris
1577 410 1752 456 codici-

235 490 324 534 bus
350 488 518 542 differt,
545 488 701 534 verbis
727 487 834 533 dico
860 488 1047 533 omissis
1081 487 1225 533 modo
1251 487 1449 549 singulis
1477 486 1620 532 modo
1646 487 1751 549 plu-

236 565 365 610 ribus
391 565 634 628 deinceps.
706 565 923 620 Quorum
952 582 1006 609 ea
1032 581 1137 625 quae
1164 580 1259 608 non
1286 561 1455 608 dubias
1481 571 1652 625 gerunt
1680 562 1750 607 in-

234 641 564 704 terpolationis
602 649 736 686 notas
774 657 867 685 non
907 640 1013 703 plus
1050 640 1233 685 faciunt
1269 638 1447 701 negotii
1475 655 1619 701 quam
1647 655 1752 700 quae

235 718 365 762 salvo
391 734 531 762 sensu
559 718 721 762 abesse
748 726 1007 778 nequeunt.
1080 716 1205 761 Nam
1236 724 1288 761 ut
1314 715 1433 771 haee,
1460 733 1566 776 quae
1601 715 1753 760 mani-

233 793 352 838 festa
379 792 670 855 negligentia
697 792 872 837 librarii
900 791 1197 846 exciderunt,
1224 791 1453 837 servanda
1478 808 1579 836 esse
1604 799 1751 854 patet,

234 868 299 914 ita
324 886 468 913 nemo
488 867 728 913 dubitabit
746 868 862 929 quin
891 867 1282 929 interpolatorum
1306 866 1630 912 additamenta
1649 866 1751 912 tolli

234 952 465 1007 oporteat.
537 942 631 989 Sed
668 951 739 988 est
771 942 965 987 tertium
1001 941 1242 1003 quoddam
1281 959 1430 1003 genus
1464 942 1751 997 omissionis,

234 1038 340 1082 quae
367 1019 593 1065 adhibitis
621 1018 870 1064 rhetoricis
897 1017 1282 1080 grammaticisve
1309 1017 1653 1080 interpretandi
1681 1035 1753 1063 ar-

232 1096 393 1142 tificiis
435 1095 820 1157 commentisque
863 1094 1022 1156 qualia
1068 1094 1117 1139 in
1158 1093 1338 1140 Graecis
1387 1095 1564 1157 pariter
1610 1103 1752 1157 atque

234 1172 417 1218 Latinis
449 1172 760 1235 scriptoribus
794 1189 891 1216 non
925 1188 1028 1216 raro
1061 1171 1320 1233 excogitari
1351 1171 1409 1216 ab
1435 1170 1491 1216 iis
1517 1170 1751 1227 videmus,

234 1249 314 1311 qui
354 1248 574 1294 codicum
619 1247 886 1293 auctoritati
931 1246 1257 1310 superstitiose
1294 1255 1406 1291 sunt
1444 1246 1634 1299 addicti,
1675 1246 1755 1292 de-

232 1324 361 1370 fendi
391 1333 638 1386 utcunque
665 1332 712 1369 et
735 1322 952 1368 excusari
979 1339 1089 1368 cum
1122 1322 1281 1385 specie
1308 1321 1515 1383 quadam
1543 1322 1752 1368 veritatis

233 1401 398 1464 possit.
472 1399 757 1462 Cujusmodi
797 1400 856 1445 ab
896 1399 1075 1445 artibus
1115 1399 1383 1445 cavendum
1427 1399 1546 1445 mihi
1588 1399 1752 1462 putavi

235 1495 324 1523 nec
361 1476 763 1524 committendum
804 1485 856 1522 ut
886 1476 1279 1538 eloquentissimo
1306 1476 1477 1522 oratori
1517 1476 1672 1522 infans
1707 1485 1754 1521 et

235 1563 508 1600 contortum
547 1554 852 1615 alienumque
890 1553 948 1598 ab
979 1552 1251 1598 Atticorum
1286 1552 1523 1615 elegantia
1560 1552 1755 1615 affinge-

234 1648 333 1677 rem
373 1649 522 1693 genus
557 1630 746 1676 dicendi
785 1639 980 1693 propter
1012 1629 1153 1675 unius
1188 1628 1366 1675 codicis
1404 1629 1753 1683 auctoritatem,

235 1725 342 1770 quae
368 1725 513 1770 quam
540 1707 683 1753 fallax
711 1706 771 1752 sit
794 1707 866 1752 vel
894 1723 952 1751 ex
979 1723 1035 1751 eo
1061 1706 1283 1751 aestimari
1308 1714 1479 1769 potest,
1501 1704 1629 1767 quod
1656 1723 1751 1751 non

235 1783 492 1830 defuerunt
532 1783 611 1846 qui
658 1783 1061 1845 aliquammultas‚
1103 1799 1208 1844 quae
1257 1781 1409 1828 codici
1453 1782 1670 1827 Parisino
1707 1782 1754 1828 S.

235 1878 322 1924 per
364 1878 570 1906 errorem
614 1859 805 1905 tributae
848 1867 998 1915 erant,
1038 1859 1266 1904 lectiones
1305 1858 1421 1904 falsa
1460 1858 1754 1904 auctoritatis

237 1935 395 1999 specie
426 1934 614 1998 decepti
646 1952 732 1998 pro
757 1934 879 1980 veris
913 1934 1334 1997 amplecterentur,
1359 1932 1623 1979 excusabili
1651 1932 1755 1994 qui-

238 2011 346 2058 dem
374 2030 542 2066 errore,
571 2011 650 2057 sed
678 2028 832 2056 errore
856 2019 1034 2056 tamen.
1097 2010 1170 2056 De
1196 2009 1539 2073 orthographia
1564 2007 1755 2061 codicis,

238 2089 467 2151 quoniam
505 2106 699 2134 omnem
746 2104 805 2132 cx
844 2087 937 2133 hoc
980 2105 1153 2150 genere
1193 2087 1438 2150 scripturae
1477 2087 1752 2132 varietatem

238 2165 513 2229 singulatim
542 2182 782 2228 exponere
807 2163 987 2227 putidae
1013 2165 1135 2209 foret
1159 2163 1433 2226 diligentiae,
1461 2162 1756 2217 summatim,

239 2251 474 2306 quatenus
511 2259 668 2305 operae
701 2241 906 2304 pretium
941 2240 1043 2294 erit,
1070 2240 1119 2284 in
1149 2239 1525 2286 Commentariis
1554 2238 1755 2284 dicetur.

238 2320 438 2367 Interim
488 2319 687 2364 lectores
736 2317 943 2362 monitos
990 2334 1091 2362 csse
1128 2317 1366 2373 volumus,
1411 2333 1559 2378 quum
1603 2315 1755 2362 codex

239 2397 452 2444 centenis
489 2396 539 2442 in
576 2395 691 2441 locis
730 2393 1076 2458 apostrophum
1113 2394 1325 2456 praebeat
1357 2393 1438 2438 ubi
1472 2393 1520 2437 in
1547 2391 1756 2438 editione

238 2473 449 2520 Bekkeri
488 2471 775 2528 Oxonicnsi‚
809 2488 1015 2533 quacum
1057 2470 1257 2516 collatus
1293 2478 1379 2526 est,
1417 2470 1574 2515 hiatus
1609 2469 1758 2515 fertur

238 2551 313 2597 vel
341 2558 520 2604 contra,
546 2566 631 2594 nos
668 2548 733 2594 ita
757 2566 814 2593 co
839 2565 947 2593 usos
975 2564 1075 2592 esse
1102 2555 1153 2592 ut
1184 2546 1506 2609 reciperemus
1544 2554 1756 2609 apostro-

239 2628 410 2692 phum,
436 2626 796 2690 repudiaremus
822 2625 1023 2671 hiatum.

307 2703 540 2751 Secundae
573 2702 794 2749 codicum
831 2701 993 2748 classis
1026 2701 1250 2765 princeps
1284 2708 1355 2746 est
1383 2700 1451 2753 F.,
1483 2699 1634 2746 codex
1660 2699 1756 2745 Ve-

240 2789 378 2826 netus
414 2781 692 2826 Marcianus
728 2781 841 2838 416.
881 2779 1277 2824 membranaceus
1314 2777 1458 2822 seculi
1498 2774 1756 2829 undecimi,

241 2857 394 2903 forma
430 2856 805 2903 maxima.1‘bliis
833 2872 942 2917 322.
975 2856 1102 2917 (post
1138 2852 1448 2899 undecimum
1484 2851 1757 2914 bipertitis),
