1882 3250
267 186 322 227 72
810 193 1236 231 ΔΗΜΟΣΘΕΝΟΎΣ
1481 194 1563 233 OR.
1590 194 1664 234 VI.
1683 209 1722 248 p.
1740 197 1808 244 66,

267 301 342 349 καὶ
369 300 692 367 φανερώτερον
721 301 976 370 Ρέξελέγχῃ
1003 304 1245 354 Φίλιππον
1272 306 1347 353 καὶ
1372 303 1458 368 τὴν
1481 305 1600 371 πρὸς
1636 308 1778 369 Ἶὺμᾶς

265 380 450 448 εἰρήνην
475 385 828 448 παραβαίνοντα
853 387 928 434 καὶ
953 390 1075 435 πᾶσι
1101 391 1194 439 τοῖς
1222 385 1469 450 ΓΈλλησιν
1495 389 1773 447 ἐπιβουλεύ-

266 488 392 528 οντα,
418 466 630 535 τοσούτῳ
659 466 734 517 ι’τὸ
770 469 818 517 τί
852 466 942 534 χρὴ
977 473 1125 519 ποιεῖν
1150 474 1512 531 συμβουλεῦσαι
1550 472 1770 537 χαλεπώ-
1789 492 1806 523 5

225 565 398 614 3τερον
441 548 592 599 sebae.
635 550 780 600 α’ίτιον
820 550 868 600 δὲ
918 551 1110 611 τούτων,
1156 551 1224 601 ὅτι
1276 550 1498 614 ἶπάντας,
1539 551 1575 602 ὦ
1616 553 1778 620 ἄνδρες

263 631 518 695 Ἀθηναῖοι,
545 632 652 685 τοὺς
688 639 983 684 πλεονεκτεῖν
1021 633 1269 698 ζητοῦντας
1308 634 1429 703 ε”ργῳ
1468 636 1664 686 κωλύειν
1702 639 1778 687 καὶ

263 713 510 782 πράξεσιν,
537 717 677 782 “οὐχὶ
710 717 871 781 λόγοις
909 717 1026 779 δέον,
1052 721 1240 782 πρῶτον
1273 717 1357 780 μὲν
1387 718 1516 780 ἡμεῖς
1553 722 1594 769 οἱ
1631 742 1771 785 παρι-
1863 712 1867 731 ¹

264 794 391 849 όντες
430 797 607 847 τούτων
641 797 726 859 μὲν
762 799 1049 866 ἀφέσταμεν,
1090 801 1165 849 καὶ
1206 798 1406 866 γράφειν
1441 802 1515 850 καὶ
1553 807 1828 864 συμβου-ιο

264 878 415 929 λεύειν
456 879 559 930 Χδιοὶ
602 879 688 943 τὴν
739 880 856 946 πρὸς
905 883 1050 943 Υὺμᾶς
1101 882 1353 948 ἀπέχθειαν
1403 883 1658 947 ὀκνοῦντες,
1705 883 1779 935 οἶα

370 967 389 976 Α

263 984 383 1013 ποιει
421 961 511 1024 Ζδὲ,
544 966 606 1016 ὡς
641 963 767 1014 δεινὰ
800 966 875 1014 καὶ
907 963 1135 1031 ἔίχαλεποὶ,
1175 966 1250 1014 καὶ
1287 964 1517 1028 ἱ’τοιαῦτα,
1546 967 1776 1035 διεξερχό-

1364 1046 1559 1100 ᾱεῖποιτε
1579 1052 1778 1103 δικαίους

224 1061 252 1099 4
262 1049 400 1108 μεθα·
425 1045 562 1096 ἔπειθ’
585 1048 735 1110 οὑμεῖς
754 1051 795 1097 οἱ
816 1046 1080 1110 καθήμενοι,
1101 1050 1163 1101 ὡς
1182 1047 1266 1111 μὲν
1287 1046 1344 1098 ἂν

263 1127 436 1194 λόγους
475 1131 551 1179 καὶ
585 1131 808 1195 λέγοντος
842 1131 998 1181 ἄλλου
1033 1132 1284 1195 εσυνείητε,
1312 1132 1500 1194 ἄμεινον
1535 1133 1777 1185 Φιλίππου

262 1213 634 1278 παρεσκεύασθε,
662 1215 723 1267 ὡς
759 1213 805 1264 δὲ
841 1214 1096 1264 κωλύσαιτ’
1126 1213 1184 1264 ἂν
1209 1216 1380 1265 ἐκεῖνον
1413 1215 1633 1280 πράττειν
1666 1223 1770 1268 ταῦ·
1791 1239 1825 1270 15

223 1315 323 1359 5τα
363 1297 434 1365 ἐφ’
476 1296 540 1347 ὧν
580 1299 682 1347 ἐστὶ
723 1303 817 1359 νῦν,
861 1302 1106 1350 παντελῶς
1151 1299 1306 1363 ἀργῶς
1350 1299 1489 1364 ἔχετε.
1529 1301 1778 1362 συμβαίνει

262 1377 320 1443 δὴ
371 1385 569 1445 πρᾶγμα
619 1383 888 1446 ἀναγκαῖον,
934 1379 1074 1445 οἶμαι,
1126 1383 1202 1430 καὶ
1252 1381 1368 1434 ’ίσως
1419 1380 1552 1435 εἰκός·
1613 1385 1662 1433 ἐν
1712 1383 1778 1437 οἷς

261 1462 467 1529 ἑκάτεροι
506 1466 764 1531 διατρίβετε
811 1467 886 1515 καὶ
919 1467 1023 1531 περὶ
1063 1463 1093 1515 ἃ
1132 1463 1431 1530 σπουδάζετε,
1472 1467 1598 1516 ταῦτ’
1640 1466 1772 1529 ἄμει-

261 1569 343 1597 νον
381 1548 609 1613 ἑκατέροις
649 1547 774 1615 ί«ἔχει,
821 1550 975 1617 ἐκείνῳ
1017 1547 1101 1611 μὲν
1143 1551 1189 1597 αἱ
1232 1547 1439 1616 πράξεις,
1483 1550 1620 1611 ἓὺμῖν
1654 1552 1692 1599 δ’
1734 1555 1775 1601 οἱ

261 1631 412 1696 λόγοι.
456 1636 493 1682 εὶ
518 1631 602 1694 μὲν
628 1633 709 1682 οὖν
735 1634 810 1682 καὶ
837 1637 918 1681 νῦν
944 1631 1098 1696 λέγειν
1123 1630 1411 1697 11δικαιότερα
1444 1634 1548 1695 ὑμῖν
1573 1633 1769 1702 ἐξαρκεῖ,
1786 1666 1826 1688 20

223 1731 248 1770 6
259 1714 441 1784 ῥᾴδιον,
485 1718 560 1765 καὶ
600 1714 743 1768 πόνος
784 1716 929 1768 οὐδεὶς
969 1715 1204 1780 πρόσεστι
1245 1719 1311 1782 τῷ
1353 1714 1613 1781 πράγματι·
1655 1721 1692 1767 εἶ
1733 1719 1771 1768 δ’

261 1797 388 1852 ὅπως
428 1798 486 1849 τὰ
524 1797 715 1864 παρόντ’
759 1797 1200 1863 ἐπανορθωθήσεται
1244 1800 1315 1848 δεῖ
1351 1804 1547 1849 σκοπεῖν
1591 1802 1666 1850 καὶ
1709 1800 1774 1865 μὴ

1457 1881 1615 1946 “75μᾶς,
1666 1885 1771 1948 μηδ’

261 1964 566 2028 ἐπιστήσεται
615 1965 808 2030 μέγεθος
861 1964 1097 2028 δυνάμεως
1147 1964 1264 2030 πρὸς
1325 1962 1382 2029 ἣν
1433 1966 1525 2015 οὐδ’
1579 1967 1774 2031 ἀντᾶραι

259 1882 556 1948 προελθόντα
606 1883 672 1932 ἐτι
720 1882 1000 1948 πορρωτέρω
1053 1881 1193 1946 λήσει
1243 1881 1409 1933 ἰπάνθ’

1197 2047 1247 2074 lc!

261 2047 572 2112 δυνησόμεθα,
613 2050 700 2115 οὐχ
740 2050 765 2099 ὁ
809 2047 946 2101 αὐτὸς
985 2048 1157 2114 τρόπος
1223 2071 1375 2113 οσπερ
1417 2047 1645 2115 πρότερον
1689 2055 1770 2100 τοῦ
1784 2070 1821 2104 25

313 2255 333 2282 P
353 2249 535 2295 ἐξελέγχῃ]
566 2251 742 2296 ἐξελέγχηι
763 2251 801 2284 F.
832 2251 967 2294 ἐλέγξηι
988 2250 1028 2283 Y.
1060 2250 1230 2294 ἐξελέγξει
1252 2251 1292 2283 A.
1449 2257 1469 2284 ‘1
1501 2249 1603 2295 ὑμᾶς]
1626 2249 1710 2293 ἡμᾶς
1728 2249 1770 2283 Y.

260 2308 277 2328 Γ
295 2302 335 2336 τὸ
357 2314 428 2337 om.
450 2302 495 2336 O.
582 2310 595 2328 S
616 2300 698 2337 εἶναι
719 2315 788 2337 om.
809 2315 861 2348 pr.
884 2303 919 2336 S.
1004 2305 1016 2328 t
1035 2302 1179 2347 πάντας]
1204 2304 1326 2337 πάντες
1344 2303 1386 2336 A.
1409 2307 1445 2336 et
1459 2314 1511 2347 pr.
1535 2302 1570 2336 S.
1653 2307 1676 2327 ¹¹
1695 2302 1773 2346 οὐχὶ

258 2355 393 2400 λόγοις]
420 2356 577 2401 Syllabas
596 2370 645 2399 χι.
666 2358 720 2390 λο.
742 2356 777 2389 in
797 2356 902 2389 litura
920 2356 1026 2389 habet
1044 2355 1091 2395 S„
1113 2355 1172 2400 qui
1192 2367 1212 2388 a
1231 2368 1282 2400 pr.
1300 2367 1346 2388 111.
1362 2355 1401 2388 οὐ
1418 2355 1453 2389 δὲ
1473 2357 1591 2401 λόγοις
1609 2355 1772 2389 habuisse

259 2408 408 2443 videtm.
566 2414 585 2432 Χ
605 2409 659 2442 διὰ
679 2421 747 2442 om.
772 2410 808 2442 S.
966 2414 981 2436 -V
1003 2407 1103 2453 ὑμᾶς]
1128 2407 1211 2450 ἡμᾶς
1231 2408 1395 2441 A.B.u.v.
1551 2413 1569 2432 Ζ
1589 2408 1642 2453 δέ]
1668 2408 1707 2451 δὴ
1728 2408 1770 2442 Y.

258 2465 273 2482 ³
291 2461 427 2505 χαλεπὰ
444 2473 513 2494 om.
533 2473 585 2506 pr.
609 2461 643 2496 S.
792 2459 808 2482 b
828 2462 880 2494 καὶ
899 2463 1036 2494 τοιαῦτα
1057 2460 1269 2495 A.Y.O.11.v.
1290 2473 1342 2505 pr.
1366 2461 1401 2494 S.
1423 2466 1457 2494 et
1476 2475 1531 2505 γρ.
1554 2461 1593 2494 F.
1625 2475 1679 2506 γρ.
1701 2474 1770 2494 τοι-

1620 2524 1636 2540 U

259 2558 343 2590 αΰτιι
363 2557 403 2590 Β.
454 2556 495 2589 In
517 2557 642 2591 B.F.S.
665 2562 717 2591 est
736 2559 853 2597 ταῦτα,
876 2556 1005 2590 omisso
1021 2557 1085 2596 καὶ,
1105 2562 1145 2590 ut
1164 2557 1284 2601 vulgo,
1442 2561 1458 2580 0
1479 2555 1588 2602 ὑμεῖς]
1614 2555 1707 2599 ἡμεῖς
1729 2556 1769 2590 B.

1282 2614 1296 2634 η

258 2640 274 2663 ‘¹
302 2640 445 2688 εἴποιτε]
471 2642 584 2686 ε’ίπητε
603 2643 647 2677 Y.
759 2649 774 2668 e
795 2644 949 2687 συνείητε
970 2643 1164 2677 Bekkerus.
1195 2643 1341 2676 συνίειτε
1361 2654 1395 2675 u.
1426 2640 1576 2676 συνίοιτε
1595 2648 1770 2677 correctus

258 2707 290 2729 v.
311 2695 448 2738 συνίητε
477 2696 593 2736 ceteri,
616 2696 736 2738 (etiam
756 2698 798 2738 A,
829 2708 871 2730 ex
895 2708 965 2742 quo
986 2696 1140 2739 συνείητε
1168 2708 1230 2741 per
1259 2707 1411 2730 errorem
1440 2695 1558 2729 attulit
1578 2695 1769 2739 Reiskius),

258 2747 325 2781 nisi
344 2749 439 2793 quod
459 2751 595 2793 συνιῆτε
615 2761 664 2794 pr.
689 2750 723 2784 S.
846 2746 861 2773 f
877 2749 965 2796 ἔχει]
990 2751 1079 2793 ἔχειν
1098 2749 1345 2783 A.F.S.O.u.v.
1472 2753 1494 2782 g
1514 2747 1607 2793 ὑμῖν]
1632 2748 1708 2791 ἡμῖν
1728 2749 1768 2782 F.

259 2798 274 2820 ¹⁸
296 2801 500 2847 δικαιότερα]
526 2803 732 2848 δικαιότερον
751 2815 819 2838 ree.
844 2804 878 2838 S.
997 2800 1004 2827 i
1024 2801 1122 2837 πάνθ’
1141 2815 1193 2848 pr.
1218 2802 1254 2837 S.
1277 2801 1371 2848 quod
1390 2801 1426 2835 in
1445 2801 1573 2836 πάντας
1593 2806 1766 2835 mutatum

259 2858 312 2887 est
341 2865 361 2886 a
389 2866 436 2888 m.
468 2855 613 2889 recenti.
762 2853 783 2880 k
814 2856 899 2901 ἡμᾶς
932 2867 1002 2889 om.
1031 2855 1075 2888 Y.
1213 2852 1223 2880 l
1254 2854 1380 2899 ὅσπερ]
1416 2853 1533 2900 ὥσπερ
1565 2853 1609 2888 Ο.
1652 2852 1770 2898 ὥσπερ

259 2905 311 2939 καὶ
330 2905 372 2939 Y.
