1930 3266
77 211 169 253 232,
190 215 241 239 ιι.
590 203 714 239 ΠΕΡΙ
746 202 856 239 ΤΟΥ
886 201 1193 238 ΣΤΕΦΑΝΟΎ.
1566 199 1650 239 243

138 311 218 366 τὸς
254 310 624 377 παρεσκευάζετο
662 313 736 361 καὶ
773 310 892 362 κατὰ
928 309 1119 362 πάντων
1150 309 1334 378 ἐφύετο.
1377 313 1438 362 ὡς
1477 309 1525 359 δὲ
1564 333 1645 361 τα-

136 393 506 460 λαιπωρούμενοι
539 397 606 462 τῷ
631 392 765 457 μήκει
802 400 884 444 τοῦ
918 394 1130 457 πολεμου
1155 396 1198 443 οἱ
1231 391 1335 443 τότε
1360 391 1445 455 μὲν
1469 398 1694 458 βαρεῖς,ι5

133 478 148 504 ¹²
164 484 247 528 νῦν
272 479 310 528 δ’
339 479 521 544 ἀτυχεῖς
548 481 752 540 Θηβαῖοι
790 478 981 545 φανεροὶ
1005 481 1154 527 πᾶσιν
1179 474 1306 539 ἦσαν
1332 477 1641 540 ἀναγκασθη-

132 559 325 624 σόμενοι
351 560 661 626 καταφεύγειν
684 562 757 626 ἐφ’
788 562 919 623 ὑμᾶς,
944 566 966 586 ¹¹
983 560 1007 609 ὁ
1035 559 1288 621 Φίλιππος,
1314 559 1388 609 ἵνα
1413 558 1478 623 μὴ
1504 565 1643 610 τοῦτο

131 644 338 708 Χγένοιτο
377 642 518 707 Ῡμηδὲ
556 643 830 693 συνέλθοιεν
868 646 915 693 αἱ
953 641 1130 700 πόλεις,
1175 644 1282 705 ὑμῖν
1320 641 1405 705 μὲν
1444 641 1641 708 εἰρήνην,

66 741 117 780 24
129 727 313 780 ἐκείνοις
352 726 400 776 δὲ
438 725 659 790 βοήθειαν
690 726 1046 791 Ζέπηγγείλατο.
1089 726 1137 775 τί
1168 726 1248 775 οὖν
1278 727 1641 790 συνηγωνίσατο
1656 749 1696 770 20

129 809 252 876 αὐτῷ
290 808 409 875 πρὸς
447 808 501 859 τὸ
534 814 701 870 λαβεῖν
728 810 893 874 ὀλίγου
920 811 1014 858 δεῖν
1039 814 1058 834 a
1077 809 1194 871 ὑμᾶς
1232 807 1421 862 ἑκόντας
1457 808 1635 877 ἐξαπα-

0 910 2 936 Ι
126 892 392 955 τωμένους;
437 892 465 955 ἡ
503 896 598 942 τῶν
625 893 789 943 ἄλλων
818 892 1082 956 “Ελλήνων,
1110 892 1196 942 εἴτε
1232 891 1323 959 χρὴ
1360 894 1524 943 κακίαν
1561 894 1637 944 εἴτ’

507 973 527 1002 b

0 1007 1 1010 ¹
125 976 319 1041 ἄγνοιαν
370 975 458 1026 ε’ίτε
544 978 620 1026 καὶ
667 975 913 1043 ἀμφότερα
963 977 1089 1026 ταῦτ’
1135 979 1289 1038 εἰπεῖν,
1335 975 1378 1026 οἳ
1427 975 1640 1039 πόλεμον

1 1099 3 1122 ,
122 1061 300 1126 συνεχῆ
339 1061 414 1109 καὶ
446 1057 628 1124 μακρὸν
663 1059 998 1122 πολεμούντων
1034 1060 1174 1122 ὑμῶν,
1212 1061 1288 1109 καὶ
1323 1065 1490 1110 τοῦτον
1524 1059 1638 1126 ὑπὲρ

199 1226 210 1241 Ι
424 1227 447 1245 >l
577 1226 590 1242 Ι
769 1225 787 1252 d
833 1228 854 1246 5!
878 1229 887 1243 9
930 1228 952 1244 'l
1133 1228 1143 1242 5
1227 1229 1240 1245 X
1315 1232 1335 1241 Α
1431 1229 1442 1243 θ
1503 1227 1516 1242 Ι

121 1249 362 1294 χρημασιν
389 1249 492 1276 ουτε
518 1249 742 1290 σωμασιν
795 1250 878 1277 ουτ
917 1235 1055 1296 αλλῳ
1095 1230 1241 1277 ουδενι
1273 1250 1366 1278 των
1392 1235 1638 1279 εαπαντων

120 1309 136 1336 f
734 1309 754 1329 G*

0 1022 3 1041 Γ

0 1055 5 1091 ἰ

0 1147 3 1222 ἱ
120 1150 138 1171 ⁰
155 1147 249 1193 τῶν
274 1147 395 1193 πᾶσι
421 1142 777 1212 συμφερόντων,
803 1146 865 1197 ὡς
904 1144 1026 1213 ἔργῳ
1066 1142 1270 1211 φανερὸν
1301 1144 1506 1209 γέγονεν,
1534 1146 1635 1196 οὕτε
1649 1166 1686 1197 25

0 1254 3 1409 ζ
139 1309 503 1373 συνελάμβανον
543 1311 665 1373 ὑμῖν·
710 1333 777 1363 οις
815 1312 919 1360 ἕκαὶ
960 1312 1144 1363 δικαίως
1182 1313 1257 1361 καὶ
1299 1310 1639 1377 προσηκόντως

55 1411 106 1453 25
121 1393 404 1460 ὀργιζόμενοι
429 1394 623 1457 ἑτοίμως
659 1393 956 1457 ὑπηκούσατε
983 1394 1076 1463 breg>
1103 1395 1346 1462 Φιλίππῳ.
1390 1394 1418 1457 ἡ
1445 1394 1530 1457 μὲν
1555 1396 1638 1445 οὖν

0 1459 1 1496 ¹
119 1475 223 1528 τότε
247 1481 617 1545 συγχωρηθεῖσα
641 1476 815 1543 ῑεἰρήνη
842 1477 918 1528 διὰ
942 1480 1084 1541 ταῦτ’,
1113 1480 1165 1529 οὐ
1201 1479 1255 1528 δι’
1284 1479 1376 1541 ἐμὲ,
1402 1481 1464 1531 ὡς
1501 1479 1636 1532 οὗτος
1650 1498 1730 1541 232

117 1559 411 1623 ι(διέβαλλεν,
438 1559 666 1627 ἐπράχθη·
708 1559 769 1611 τὰ
807 1559 856 1611 δὲ
893 1560 1072 1612 τούτων
1106 1561 1368 1625 ἀδικήματα
1407 1560 1498 1612 Ικαὶ
1536 1566 1630 1613 δω-

115 1642 414 1709 ροδοκήματα
457 1644 506 1694 ἐν
543 1643 660 1711 αὐτῇ
705 1647 800 1693 τῶν
842 1651 873 1669 ¹¹²
894 1648 992 1694 νυνὶ
1033 1644 1282 1710 παρόντων
1326 1643 1632 1709 πραγμάτων,

51 1727 210 1781 26“ο’ίν
235 1750 304 1781 τις
340 1726 529 1796 ἐξετάζῃ
566 1728 763 1789 δικαίως,
790 1727 913 1778 α’ίτια
947 1727 1150 1794 εὑρήσει.
1193 1730 1268 1778 καὶ
1303 1731 1462 1778 Οταυτὶ
1491 1728 1630 1780 πάνθ’

115 1809 229 1876 ὑπὲρ
272 1814 354 1874 τῆς
398 1812 620 1874 ἀληθείας
665 1812 1071 1876 ἀκριβολογοῦμαι
1116 1813 1190 1861 καὶ
1236 1811 1547 1879 διεξέρχομαι.
1592 1815 1659 1862 εἷ5

112 1891 204 1958 γὰρ
248 1891 366 1943 εἷναί
405 1902 484 1943 Ρτι
530 1895 686 1957 δοκοίη
734 1892 793 1944 τὰ
835 1892 1051 1956 μάλιστα
1094 1895 1143 1944 ἐν
1188 1892 1368 1946 τούτοις
1412 1895 1628 1958 ἀδίκημα,

110 1976 244 2026 οὐδέν
285 1978 412 2027 (Ιέστι
451 1976 600 2040 δήπου
640 1976 759 2042 πρὸς
797 1977 888 2039 ἐμὲ,
925 1979 1034 2027 ἀλλ’
1076 1978 1100 2027 ὁ
1135 1976 1220 2040 μὲν
1258 1981 1443 2042 πρῶτος
1483 1977 1626 2029 εἰπὼν

111 2061 185 2109 καὶ
211 2061 436 2123 μνησθεὶς
474 2058 610 2125 Γὑπὲρ
649 2062 731 2121 τῆς
769 2059 950 2125 εἰρήνης
982 2058 1329 2124 Ἀριστόδημος
1367 2058 1424 2122 ἦν
1451 2061 1476 2109 ὁ
1505 2061 1621 2111 ὑπο-

110 2141 280 2207 κριτὴς,
321 2143 345 2192 ὁ
391 2144 428 2192 δ’
472 2141 774 2210 ἐκδεξάμενος
818 2144 894 2192 καὶ
938 2140 1134 2209 γράψας
1178 2143 1253 2192 καὶ
1300 2141 1464 2192 ἑαυτὸν
1508 2143 1680 2205 μετὰιο

107 2226 274 2276 τούτου
298 2225 552 2290 μισθώσας
588 2227 662 2276 ἐπὶ
689 2231 836 2276 ταῦτα
863 2225 1161 2292 Φιλοκράτης
1189 2226 1213 2275 ὁ
1247 2226 1570 2291 εὖἈγνούσιος,
1599 2230 1624 2279 ὁ

163 2382 175 2406 ἵ
194 2381 270 2426 νῦν]
296 2382 366 2414 νυνὶ
385 2381 545 2414 A.O.k.s.
657 2387 676 2405 Π
697 2382 716 2413 ὁ
736 2393 804 2415 om.
827 2394 877 2427 pr.
903 2382 936 2415 S.
969 2383 986 2414 ὁ
1007 2382 1177 2415 Φίλιππος
1198 2393 1268 2414 om.
1292 2381 1333 2414 Y.
1432 2388 1448 2404 x
1469 2383 1619 2430 γένοιτο]

106 2433 240 2479 γένηται
261 2435 404 2468 A.k.0.s.
427 2439 461 2467 et
482 2446 534 2479 pr.
559 2434 594 2467 S.
680 2440 698 2466 Y
718 2434 818 2481 μηδὲ]
842 2434 886 2478 μὴ
904 2434 948 2469 Ο.
1035 2441 1050 2459 z
1072 2434 1316 2479 ἐπηγγείλατο]
1333 2435 1568 2480 ἐπηγγέλλετο
1584 2438 1620 2471 k.

107 2491 127 2511 ὃ
147 2487 230 2531 ὑμᾶς
249 2487 400 2533 ἑκόντας]
427 2488 561 2522 ἑκόντας
578 2487 662 2530 ὑμᾶς
683 2488 798 2523 A.k.s.
911 2487 926 2509 ὓ
946 2489 998 2521 καὶ
1018 2499 1087 2521 om.
1109 2500 1142 2521 0.
1261 2493 1278 2512 0
1298 2490 1365 2521 τῶν
1383 2490 1470 2522 πᾶσι
1488 2490 1524 2523 S.
1556 2493 1622 2524 τῶν

992 2545 1010 2561 -r

107 2575 197 2614 κοινῇ
217 2574 303 2606 πᾶσι
323 2573 441 2618 vulgo.
578 2570 596 2597 d
616 2572 706 2619 οὔτ’]
731 2573 809 2607 οὐδὲ
830 2574 920 2612 Y.Q.
951 2573 1028 2607 οὐδὲ
1050 2586 1081 2607 v.
1206 2580 1221 2598 θ
1242 2575 1399 2608 ἁπάντων
1421 2574 1456 2608 S.
1486 2575 1622 2608 πάντων

104 2626 223 2671 vulgo.
307 2622 322 2649 f
340 2625 616 2670 συνελάμβανον]
642 2627 942 2670 συνελαμβάνοντο
961 2641 1016 2671 γρ.
1041 2626 1125 2665 S.Q.
1211 2635 1231 2662 g
1248 2627 1300 2661 καὶ
1321 2639 1389 2661 om.
1412 2626 1455 2661 Ο.
1536 2624 1556 2650 h
1575 2629 1623 2673 τῷ

103 2689 173 2712 om.
194 2679 309 2714 A.k.s.
455 2676 465 2702 i
486 2678 615 2725 εἰρήνη]
640 2679 751 2724 εἷρήνη
771 2682 819 2711 τῶ
839 2679 998 2723 φιλίππω
1019 2692 1047 2713 r.
1196 2677 1215 2704 k
1236 2680 1436 2726 διέβαλλεν]
1462 2680 1622 2720 διέβαλεν

104 2737 239 2776 o.q.t.v.
309 2728 320 2755 Ῑ
339 2732 392 2764 καὶ
411 2731 674 2777 δωροδοκήματα
694 2744 762 2766 om.
783 2744 837 2777 pr.
854 2731 897 2765 Ο.
971 2737 1000 2756 m
1017 2731 1103 2777 νυνὶ]
1123 2735 1181 2766 νῦν
1197 2733 1232 2766 k.
1304 2738 1323 2756 ¹¹
1343 2732 1383 2765 ἅν
1398 2746 1448 2768 τις
1463 2732 1618 2778 ἐξετάζῃ]

101 2782 135 2817 εἴ
152 2798 202 2818 τις
222 2784 370 2828 ἐξετάζοι
389 2777 442 2820 k.'
536 2790 554 2809 0
575 2784 688 2831 ταυτὶ]
711 2787 816 2818 ταῦτα
835 2785 1017 2830 A.k.p.r.s.
1134 2791 1152 2818 Ρ
1173 2785 1405 2828 τι-ἅδίκημα
1426 2786 1461 2819 S.
1492 2800 1620 2819 τινα-

102 2835 285 2880 ἀδικήματα
305 2837 421 2882 vulgo.
499 2843 517 2870 q
538 2837 632 2882 ἐστι]
658 2838 734 2871 ἐστι
754 2836 884 2870 τούτων
904 2838 1019 2873 A.k.s.
1089 2845 1102 2864 Γ
1124 2838 1225 2884 ὑπὲρ]
1247 2839 1325 2883 περὶ
1345 2839 1542 2884 A.F.Y.k.p
1556 2850 1616 2872 r.s.

102 2894 137 2923 et
157 2902 326 2935 superser.
344 2890 379 2923 in
401 2890 436 2924 S.
549 2896 563 2914 ⁵
584 2889 768 2936 ἁγνούσιος
790 2891 831 2924 Β.
865 2890 1087 2925 Scribebatur
1106 2889 1318 2937 Ἀγνούσιος.

815 2951 910 2991 1i2
