1882 3250
0 216 232 253 5—114,14.
626 201 767 237 ΚΑΤΑ
801 201 1078 237 ΦΙΛΙΠΠΟΎ
1108 201 1149 236 Γ.
1561 199 1638 237 121

69 313 424 378 ιόκμαίρεσθαι.
479 317 617 361 τοῦτο
651 309 736 372 μὲν
765 309 858 374 γὰρ
883 311 1152 361 Ὀλυνθίοις
1178 309 1502 373 τετταράκοντ’
1530 310 1641 360 ἀπέ-

126 418 224 461 χων
244 397 326 457 τῆς
345 392 528 445 πόλεως
554 392 727 443 στάδια
753 390 877 442 εἶπεν
904 391 973 441 ὅτι
1000 394 1071 441 δεῖ
1093 394 1219 441 δυοῖν
1239 391 1447 456 θάτερον,
1474 391 1502 454 η
1530 393 1641 441 ἐκεί-

126 500 232 529 νους
264 479 312 526 ἐν
349 475 570 543 Ὀλύνθῳ
609 474 673 538 μὴ
706 479 843 524 οἰκεῖν
872 472 901 537 ἢ
928 473 1070 524 αὑτὸν
1097 476 1145 524 ἐν
1174 475 1458 541 Μακεδονίᾳ,
1485 473 1640 524 πάντα
1655 501 1690 532 15

125 559 208 610 τὸν
246 560 402 609 ἄλλον
440 558 625 624 χρόνον,
664 556 706 606 εἴ
741 579 809 609 τις
847 555 989 606 αὐτὸν
1028 557 1292 607 αἰτιάσαιτό
1319 550 1375 607 ῥτι
1417 563 1640 618 τοιοῦτον,

124 645 403 707 ἀγανακτῶν
437 644 511 691 καὶ
549 640 774 706 πρέσβεις
809 640 1006 701 πέμπων
1035 640 1141 693 τοὺς
1173 640 1636 704 ἀπολογησομένους·

125 732 264 777 τοῦτο
296 729 336 775 δ’
365 729 426 778 εὶς
454 723 647 777 Φωκέας
681 725 742 776 ὡς
775 723 894 788 πρὸς
928 723 1240 790 ξἔσυμμοῖχους
1274 723 1529 789 ἐπορεύετο,
1565 725 1640 773 καὶ

124 810 349 876 πρέσβεις
366 809 569 859 Φωκέων
586 807 710 871 ἦσαν
728 806 771 857 οἳ
784 806 1173 872 παρηκολούθουν
1191 807 1314 875 αὐτῷ
1331 807 1639 874 πορευομένῳ,

0 822 6 965 ἱ
126 895 201 943 καὶ
235 897 347 957 παρ’
375 893 484 955 ἡμῖν
521 890 677 956 ἤριζον
709 890 917 941 11πολλοὶ
954 892 1183 954 Θηβαίοις
1219 892 1271 940 οὐ
1307 890 1641 954 λυσιτελήσειν
1654 916 1695 938 20

0 967 6 1084 ᾗ
62 975 210 1039 17τὴν
235 976 408 1025 ἐκείνου
432 974 652 1040 πάροδον.
700 975 775 1023 καὶ
801 973 895 1036 μὴν
921 975 996 1023 καὶ
1022 972 1198 1038 ἰΦεροὶς
1223 974 1386 1039 πρώην
1413 977 1474 1027 ὡς
1501 974 1642 1042 φίλος

125 1062 200 1110 καὶ
251 1059 505 1125 σύμμαχος
556 1062 616 1110 εἰς
670 1057 938 1107 Θετταλίαν
989 1056 1142 1107 ἐλθὼν
1193 1058 1285 1124 ἔχει
1341 1061 1641 1118 καταλαβὼν,

126 1144 204 1193 καὶ
254 1141 314 1192 τὰ
362 1146 605 1191 τελευταῖα
655 1145 751 1192 τοῖς
802 1140 1118 1205 ταλαιπώροις
1160 1141 1390 1205 Ὠρείταις
1433 1142 1642 1190 τουτοισὶ

124 1224 524 1292 ἐπισκεψομένους
571 1225 662 1291 ἔφη
708 1222 814 1276 τοὺς
860 1222 1155 1287 στρατιώτας
1198 1223 1495 1290 πεπομφέναι
1540 1223 1638 1273 κατ’
1655 1248 1692 1279 25

124 1310 319 1359 εὔνοιαν·
360 1306 681 1358 πυνθάνεσθαι
707 1304 799 1371 γὰρ
826 1304 992 1357 αὐτοὺς
1018 1307 1080 1358 ὡς
1107 1311 1306 1354 νοσοῦσι
1337 1308 1411 1355 καὶ
1438 1304 1643 1356 στασιά-

124 1392 284 1459 ζουσιν
320 1391 403 1441 Κέν
441 1394 608 1452 αὐτοῖς,
645 1389 912 1457 συμμάχων
948 1394 984 1440 δ’
1015 1388 1129 1440 εἶναι
1167 1393 1242 1440 καὶ
1281 1392 1439 1458 φίλων
1478 1394 1644 1455 ἀληθι-

63 1483 111 1522 18
125 1479 216 1526 νῶν
255 1477 303 1525 ἐν
341 1480 435 1528 τοῖς
474 1473 696 1527 τοιούτοις
736 1479 910 1540 καιροῖς
948 1479 1176 1540 παρεῖναι.
1241 1473 1318 1525 εἶτ’
1356 1474 1530 1525 1οἴεσθ’
1564 1476 1644 1525 αὑ-

123 1558 218 1620 τὸν,
254 1557 296 1608 οἳ
334 1559 563 1621 ἐποίησαν
600 1557 684 1621 μὲν
721 1556 853 1608 οὐδὲν
892 1556 949 1608 ἂν
986 1557 1142 1620 κακὸν,
1176 1558 1239 1622 μὴ
1270 1562 1436 1609 παθεῖν
1463 1559 1502 1609 δ’
1531 1561 1644 1627 ἐφυ-

122 1641 317 1711 λάξαντ’
355 1640 412 1691 ἂν
450 1642 579 1703 ἴσως,
618 1642 809 1696 τούτους
847 1642 931 1704 μὲν
969 1643 1210 1710 ἐξαπατᾶν
1249 1647 1480 1707 αἱρεῖσθαι
1519 1648 1643 1705 μᾶλ-
1663 1665 1739 1696 114

125 1733 212 1776 λον
247 1727 275 1788 ἢ
311 1725 610 1791 προλέγοντα
639 1724 900 1790 βιάζεσθαι,
929 1727 1035 1788 ὑμῖν
1067 1727 1104 1775 δ’
1133 1727 1183 1775 ἐκ
1216 1726 1524 1791 προρρήσεως
1550 1749 1638 1777 πο-

125 1808 364 1872 λεμήσειν,
407 1811 482 1858 καὶ
532 1810 661 1858 ταῦθ’
703 1809 787 1860 ἕως
839 1807 896 1857 ἂν
941 1808 1120 1862 ἑκόντες
1166 1809 1503 1876 ἐξαπατᾶσθε;
1561 1811 1643 1860 οὐκ

62 1912 112 1952 19
126 1891 228 1942 ἔστι
266 1898 429 1942 ταῦτα·
476 1894 550 1941 καὶ
591 1891 683 1957 γὰρ
721 1891 777 1941 ἂν
812 1893 1193 1957 ἀβελτερώτατος
1231 1893 1296 1956 εἴη
1331 1892 1522 1943 πάντων
1555 1896 1672 1946 ὄιν-5

127 1975 342 2040 θρώπων,
383 1979 420 2025 εἰ
464 1980 557 2025 τῶν
601 1976 913 2039 ἀδικουμένων
960 1978 1087 2038 ὑμῶν
1132 1975 1276 2039 μηδὲν
1317 1977 1644 2040 ἐγκαλούντων

125 2059 266 2127 αὐτῷ,
292 2061 406 2108 ἀλλ’
435 2060 564 2121 ὑμῶν
599 2060 750 2108 αὐτῶν
786 2059 912 2111 τινὰς
940 2059 1273 2122 ΙΊἹαὶτιωμένων,
1302 2062 1470 2114 ἐκεῖνος
1500 2061 1640 2111 ἐκλύ-

123 2165 216 2195 σας
255 2141 340 2205 τὴν
377 2141 494 2208 πρὸς
533 2142 778 2205 ἀλλήλους
820 2143 913 2207 ἐριν
954 2144 1082 2204 ὑμῶν
1122 2145 1196 2192 καὶ
1240 2144 1529 2210 φιλονεικίαν
1566 2145 1641 2212 ἐφ’

124 2224 297 2275 ιἀὑτὸν
330 2226 545 2291 προείποι
583 2225 852 2291 τρέπεσθαι,
887 2228 961 2275 καὶ
996 2230 1089 2275 τῶν
1125 2230 1236 2291 παρ’
1265 2227 1430 2277 ἑαυτοῦ
1465 2231 1637 2290 μισθο-

124 2307 397 2376 φορούντων
424 2308 530 2361 τοὺς
557 2307 730 2373 λόγους
757 2306 999 2376 ἀφέλοιτο,
1027 2308 1092 2360 οἷς
1122 2308 1485 2370 ἀναβάλλουσιν
1513 2312 1642 2372 ὑμᾶς,
1663 2336 1697 2356 ¹0

124 2391 342 2457 λέγοντες
368 2394 430 2445 ὡς
455 2391 622 2445 ἐκεῖνός
648 2415 701 2456 γε
729 2392 782 2441 οὐ
809 2397 1009 2455 πολεμεῖ
1030 2395 1087 2458 τῇ
1112 2391 1262 2442 πόλει.

61 2490 114 2519 20
201 2479 344 2525 Ἀλλ’
385 2475 529 2537 ἔστιν,
569 2473 606 2525 ὦ
649 2473 767 2540 πρὸς
809 2480 892 2524 τοῦ
939 2473 1069 2535 Διὸς,
1110 2474 1240 2528 ὅστις
1281 2476 1329 2525 εὖ
1368 2480 1558 2542 φρονῶν
1597 2477 1646 2526 ἐκ

124 2563 219 2608 τῶν
246 2558 488 2621 ὀνομάτων
516 2563 708 2622 μᾶλλον
734 2556 762 2622 ὴ
791 2562 885 2607 τῶν
911 2557 1206 2623 πραγμάτων
1231 2557 1314 2608 τὸν
1341 2558 1497 2623 ἄγοντ’
1527 2559 1646 2625 εἰρή-

125 2665 209 2706 νην
244 2641 272 2705 ὴ
309 2643 591 2706 πολεμοῦνθ’
620 2644 768 2710 ἑαυτῷ
806 2641 1026 2709 σκέψαιτ’
1057 2641 1145 2700 ἅνς
1187 2643 1332 2694 οὐδεὶς
1363 2641 1558 2704 Οδήπου.
1621 2644 1646 2692 ὁ

180 2779 200 2806 g
220 2774 438 2820 συμμάχους]
464 2775 664 2819 συμμάχους
686 2775 738 2807 καὶ
758 2772 886 2817 φίλους
908 2773 951 2806 Ο.
973 2779 1009 2806 et
1028 2784 1150 2818 margo
1170 2773 1212 2806 Y.
1305 2771 1325 2797 h
1344 2773 1486 2819 πολλοὶ]
1510 2775 1541 2807 οἱ
1559 2775 1644 2808 πολ-

124 2827 181 2859 λοὶ
202 2827 236 2860 S.
321 2824 330 2852 i
351 2828 476 2874 Φερὰς]
503 2826 610 2872 φέρας
632 2827 666 2860 S.
742 2823 762 2850 k
783 2827 817 2860 ἐν
837 2826 953 2861 αὑτοῖς
972 2838 1040 2859 om.
1063 2826 1098 2859 S.
1184 2823 1194 2850 l
1215 2825 1321 2860 οἴεσθ’
1343 2828 1456 2866 αὐτὸν,
1479 2825 1511 2860 οἲ
1531 2827 1643 2871 ἐποίη-

125 2892 192 2913 σαν
210 2880 271 2922 μὲν
291 2880 389 2914 οὐδὲν
407 2879 448 2915 ἂν
470 2880 504 2914 S.
543 2879 658 2914 οἴεσθε
687 2877 719 2913 οἳ
747 2880 808 2923 μὲν
834 2880 932 2913 οὐδέν
954 2877 994 2912 ἂν
1017 2879 1118 2912 αὐτὸν
1139 2879 1347 2923 ἐδυνήθησαν
1366 2881 1507 2923 ποιῆσαι
1526 2881 1643 2927 vulgo.

127 2937 156 2956 ’Π
177 2932 398 2979 αἶτιωμένων]
424 2934 628 2977 αἰτιωμένων
648 2934 700 2966 καὶ
721 2933 842 2978 κρίνειν
861 2934 1081 2976 βουλομένων
1102 2932 1306 2967 F.Y.O.u.v.
1443 2939 1460 2957 Π
1483 2933 1585 2967 αὑτὸν
1606 2934 1640 2967 S.

125 2985 244 3019 ἑαυτὸν
261 2987 379 3032 vulgo.
491 2992 509 3011 ⁰
530 2986 656 3032 δήπου]
682 3000 748 3020 που
769 2985 893 3020 F.O.V.

186 3060 282 3086 vot..
301 3059 331 3087 Ι.
873 3062 895 3086 Κ
