1882 3250
247 174 285 213 iv
832 175 1175 217 PRAEFATIO

246 288 341 333 ἀντὶ
384 293 464 332 τοῦ
504 291 559 337 εἷς
605 289 801 342 πόλεμον
839 295 1132 346 καταστῆσαι,
1172 293 1223 339 ὡς
1263 291 1329 335 καὶ
1372 289 1491 351 παρὰ
1534 291 1760 353 Θουκυδίδῃ

245 362 472 412 πολλάκις.
528 365 570 408 ἐν
604 364 751 417 μέντοι
788 372 880 413 τοῖς
916 365 1209 415 Ἀττικιανοῖς
1245 365 1311 411 διὰ
1347 372 1427 411 τοῦ
1462 389 1483 419 η
1520 366 1760 429 γράφεται,

243 440 294 488 ὡς·
334 439 401 482 καὶ
443 438 563 501 παρὰ
602 439 853 498 Ξενοφῶντι
892 441 934 484 ἐν
972 441 1009 487 ζ’
1048 440 1165 498 (imo
1200 456 1241 502 5,
1271 457 1317 499 4,
1350 447 1444 502 20.)
1476 443 1758 496 Ἐλληνικῶν.

244 511 501 575 Scripturae
539 530 625 576 per
660 536 697 567 η,
731 513 866 575 cujus
910 515 1095 560 nullum
1135 515 1183 560 in
1223 515 1468 561 codicibus
1506 517 1758 579 vestigium

242 597 430 634 exstare
461 589 618 635 adhue
644 590 907 648 videbatur,
935 602 1105 637 testem
1139 610 1269 638 nunc
1304 611 1393 656 ego
1422 602 1624 656 utroque
1654 595 1760 640 loeo

240 665 447 728 produxi
483 668 859 714 vetustissimum
906 669 1120 715 codicem
1159 671 1428 716 Parisinum
1468 671 1530 726 5.,
1569 671 1617 716 in
1663 689 1759 733 quo

242 741 358 789 illud
398 742 557 805 ipsum
600 745 892 797 ἐκπολεμῆσαι
934 763 958 790 a
994 745 1149 808 prima
1193 764 1337 792 manu
1380 747 1609 810 scriptum
1654 746 1757 802 fuit,

241 817 322 863 sed
350 836 375 863 a
406 827 669 865 correctore
703 820 956 883 utrobique
989 822 1038 867 in
1071 824 1368 876 ἐκπολεμῶσαι
1404 831 1642 868 mutatum
1673 831 1757 869 est.

238 894 428 940 Tertius
465 894 673 957 denique
711 897 844 942 loeus
883 915 942 942 ex
979 899 1192 944 oratione
1230 908 1449 962 sumptus
1486 908 1558 946 est
1593 908 1759 945 contra

237 970 561 1016 Timocratem
605 971 770 1017 habita
808 990 853 1035 p.
887 987 996 1035 703‚
1028 988 1100 1036 15.
1139 975 1218 1019 ubi
1257 979 1465 1037 χρήματα
1507 975 1757 1038 ναυκραρικὰ

239 1046 287 1092 in
319 1047 441 1092 libro
471 1065 556 1093 suo
586 1047 817 1110 seriptum
845 1048 959 1110 legit
984 1049 1305 1112 Harpocratio
1336 1068 1370 1095 s.
1394 1068 1438 1096 v.
1463 1050 1756 1113 Ναυκραρικὰ,

237 1123 506 1186 exscriptus
544 1141 569 1169 a
595 1123 777 1170 'Photio
808 1124 924 1170 Lex.
958 1143 1005 1188 p.
1034 1127 1144 1188 287‚
1169 1143 1260 1182 21„
1293 1125 1374 1172 sed
1408 1144 1584 1181 veram,
1612 1144 1753 1188 quam

237 1198 426 1245 codices
463 1199 611 1244 nostri
648 1217 816 1245 omnes
852 1208 1064 1256 tuentur,
1099 1202 1353 1248 lectionem
1393 1207 1601 1265 χρήματα
1638 1204 1758 1249 Ναυ-

234 1276 463 1340 κρατιτικά
496 1278 537 1321 ἐν
567 1285 659 1326 τοῖς
688 1277 987 1327 Ἀττικιανοῖς
1021 1280 1235 1341 φέρεσθαι
1274 1280 1534 1325 annotavit.
1604 1280 1758 1325 Acce—

235 1351 356 1398 dunt
390 1352 447 1398 ad
482 1353 585 1398 haee
618 1353 816 1400 aliorum
853 1354 1153 1416 quorundam
1189 1356 1402 1401 locorum
1435 1373 1554 1416 quos
1593 1355 1757 1402 citavit

235 1429 556 1492 Harpocratio
589 1428 831 1483 lectiones,
859 1448 976 1492 quas
1007 1431 1080 1477 vel
1115 1448 1282 1476 omnes
1313 1431 1386 1476 vel
1420 1432 1672 1494 plerasque
1705 1431 1754 1477 in

234 1503 402 1549 iisdem
437 1505 674 1551 exstitisse
703 1505 851 1550 Attici
887 1505 1176 1569 apographis
1210 1505 1437 1551 credibile
1470 1514 1554 1560 est,
1580 1505 1754 1568 quibus

234 1578 293 1624 ad
341 1580 643 1627 emendanda
696 1589 966 1627 nostrorum
1020 1581 1238 1628 codicum
1289 1582 1403 1628 vitia
1451 1582 1523 1627 usi
1574 1599 1754 1628 sumus.

233 1655 413 1702 Eorum
453 1657 598 1703 index
637 1657 716 1703 hie
753 1666 837 1703 est.

366 1750 412 1796 p.
437 1734 510 1791 84,
534 1750 609 1795 23.
637 1734 866 1796 Βούχεταν
893 1733 1020 1793 libri]
1061 1735 1266 1797 Βούχετα
1294 1734 1629 1797 Harpocratio.

365 1827 412 1873 p.
437 1811 546 1864 218,
569 1827 644 1856 21.
678 1809 963 1872 προσβολάς]
1005 1809 1253 1873 προβολάς.

364 1903 410 1949 p.
435 1899 548 1947 415,
574 1902 621 1944 4.
658 1886 1077 1948 ἀλαβαστροθὴκας]
1120 1888 1505 1943 ἀλαβαστοθήκας.

363 1980 409 2025 p.
437 1964 548 2024 586,
581 1977 651 2025 17.
688 1961 961 2024 ἐκεκράγετε]
1004 1962 1227 2027 ἐκλώζετε.

402 2077 410 2086 .
438 2057 549 2103 929,
579 2057 653 2086 20.
690 2023 940 2099 ‹lton-reddin]
983 2039 1197 2085 διοπεύων.

437 2130 546 2179 973,
573 2134 650 2178 30.
684 2117 969 2178 Θρασύλλου]
1010 2117 1272 2179 Θρασύλλῳ.

405 2207 549 2256 .974.
581 2208 653 2254 15.
689 2193 874 2238 κᾶπειτα
913 2192 1127 2238 additum
1165 2210 1224 2238 ex
1258 2192 1656 2255 Harpocratione.

443 2281 579 2331 1157,
612 2286 682 2315 12.
719 2269 914 2329 ἐκάλουν]
957 2270 1254 2331 ἐκαλίστρουν.

442 2361 582 2404 1241,
609 2347 683 2390 26.
721 2346 911 2408 Θρᾴκην]
943 2345 1098 2398 ”Amyn

400 2460 409 2468 .
442 2424 580 2483 1265,
607 2423 649 2467 6.
685 2421 852 2480 βωμὸν]
895 2423 1032 2467 λίθον.

399 2537 407 2545 .
440 2513 576 2561 1304,
603 2500 645 2543 6.
682 2497 859 2558 ἐξένισε]
901 2495 1070 2561 ἐξένιζε.

439 2588 576 2638 1335,
604 2588 645 2636 7.
681 2573 995 2638 ἐνδικάζοντας]
1038 2571 1351 2637 ἐνὸεκάζοντας.

295 2652 577 2699 Proximum
621 2658 729 2714 post
768 2649 1203 2713 Harpocrationem
1247 2649 1539 2696 diversarum
1585 2667 1747 2696 reeen-

230 2731 419 2776 sionum
467 2735 638 2773 testem
689 2726 923 2772 habemus
968 2726 1235 2789 Ulpianum
1279 2726 1359 2788 qui
1404 2726 1608 2772 dieitur:
1663 2727 1745 2788 qui

229 2821 380 2867 quum
413 2819 517 2848 raro
553 2801 798 2864 seripturae
832 2801 1156 2847 diversitatem
1194 2802 1419 2865 attigerit,
1451 2801 1639 2849 duobus
1674 2812 1746 2849 ta-

229 2898 340 2926 men
374 2879 424 2924 in
456 2878 572 2923 locis
607 2877 853 2939 antiquam
880 2876 1120 2939 quandam
1156 2878 1324 2924 harum
1351 2879 1620 2925 orationum
1646 2878 1746 2925 edi-

360 2058 409 2640 ῬὌὌῬῬὌῬὋ
