1882 3250
13 182 146 235 63‚14.
553 185 675 221 ΠΕΡΙ
708 185 818 220 ΤΗΣ
850 184 1109 221 ΕΙΡΗΝΗΣ.
1529 179 1584 224 69

0 312 5 372 ι
81 317 172 346 που
196 297 412 356 τολμῶσι
437 293 592 357 λέγειν
619 295 680 346 ὡς
706 292 726 318 ¹²
742 294 833 343 οὐδ’
861 291 1120 356 ἱήβούλετο
1147 291 1376 354 Θηβαίοις
1401 292 1577 358 Ὀρχο-
1598 319 1637 340 20

0 378 6 464 ι
80 375 220 441 μενὸν
257 378 332 426 καὶ
372 376 639 441 Κορώνειαν
676 379 976 441 παραδοῦναι,
1004 376 1113 425 ἀλλ’
1154 373 1450 439 ἠναγκάσθη·
1492 372 1585 438 ἐγὼ

83 459 130 510 δὲ
154 458 332 511 τούτοις
357 458 441 520 μὲν
467 460 701 524 ἐρρῶσθαι
737 459 877 523 λέγω,
903 460 1044 509 ἐκεῖνο
1071 457 1118 508 δὲ
1145 456 1243 519 οἶδ’,
1268 457 1340 507 ὅτι
1373 457 1426 506 οὐ
1457 461 1584 518 μᾶλ-

436 544 445 559 9
491 540 510 568 k
534 542 556 559 >s
773 542 783 556 2
831 545 851 554 n
902 540 951 567 1³*
1048 540 1061 557 x
1253 539 1262 554 t
1547 543 1567 553 Α

526 550 688 604 εμελεν
730 564 853 608 αυτῳ
928 565 957 605 η
1008 563 1090 593 τας
1140 543 1374 606 παροδους
1424 544 1590 598 λαβειν

83 543 170 593 λόν
213 564 269 606 γε
317 547 434 591 ταῦτ

83 633 114 653 ¹¹¹
129 624 359 689 ἠβούλετο
383 627 458 676 καὶ
483 624 569 688 τὴν
594 625 739 694 δόξαν
764 630 847 676 τοῦ
871 625 1082 688 πολέμου
1116 630 1198 674 τοῦ
1224 627 1372 674 δοκεῖν
1398 623 1452 673 δι’
1482 623 1590 672 nafi-

84 708 165 760 τὸν
206 709 361 774 κρίσιν
401 708 653 776 εἰληφέναι,
692 710 767 759 καὶ
809 708 867 759 τὰ
910 707 1067 758 Πύθια
1111 712 1254 758 θεῖναι
1295 707 1350 756 δι’
1391 707 1641 756 moveo-25

23 813 72 854 23
86 794 159 843 καὶ
196 793 319 841 ταῦτ’
361 790 418 855 ἦν
455 789 521 840 ὧν
557 790 748 854 μάλιστ’
788 792 1016 858 ἐγλίχετο.
1073 791 1307 841 Θετταλοὶ
1342 789 1397 840 δέ
1427 811 1482 853 γε
1516 788 1592 838 οὑ-

85 876 222 941 δέτερ’
250 875 514 939 ἠβούλοντο
540 875 730 938 τούτων,
757 877 860 926 οὕτε
887 876 1128 936 Θηβαίους
1154 876 1259 925 οὔτε
1283 872 1394 924 Ρτὸν
1420 872 1593 923 Φίλιπ-

84 983 174 1010 πον
214 960 364 1024 με’γαν
410 959 696 1025 (Ιγίγνεσθαι
739 960 774 1022 (r
789 964 938 1010 ταῦτα
979 957 1073 1024 γὰρ
1116 957 1253 1008 πάντ’
1293 958 1363 1025 ἐφ’
1405 954 1593 1008 ἑαυτοὺς

86 1043 284 1109 ἡγοῦντο
326 1041 507 1111 8εἷναι,)
549 1045 630 1105 τῆς
673 1043 878 1096 πυλαίας
919 1044 956 1092 δ’
998 1042 1255 1104 ἐπεθύμουν
1296 1042 1371 1090 καὶ
1415 1044 1510 1090 τῶν
1545 1040 1593 1089 ἐν

88 1130 313 1194 Δελφοῖς,
350 1124 772 1189 πλεονεκτημάτων
803 1129 944 1182 δυοῖν,
985 1125 1131 1190 κύριοι
1164 1125 1400 1189 γενέσθαι·
1443 1126 1509 1190 τῷ
1543 1120 1591 1172 δὲ
1606 1130 1658 1185 63

87 1209 262 1261 τούτων
288 1210 542 1275 γλίχεσθαι
567 1207 676 1259 τάδε
702 1207 1136 1275 ῐσυγκατέπραξαν.
1178 1211 1271 1257 τῶν
1289 1207 1444 1256 τοίνυν
1469 1206 1595 1255 ἰδίων

87 1294 233 1359 ι1ἕνεχ’
277 1292 496 1359 εὑρήσετε
535 1292 736 1342 ἕκαστον
776 1289 976 1341 Χπολλὰ
1018 1289 1314 1355 προηγμένον
1358 1287 1422 1338 ὧν
1467 1287 1598 1338 οὐδὲν

89 1375 319 1441 ἠβούλετο
348 1375 539 1444 πρᾶξαι.
581 1380 719 1425 τοῦτο
748 1381 764 1408 y
781 1373 950 1437 μέντοι,
979 1373 1049 1423 ὅτι
1088 1381 1103 1399 ²
1120 1371 1329 1423 τοιοῦτον
1356 1374 1472 1434 ἐστι,
1500 1375 1594 1440 φυ-

91 1460 287 1512 λακτέον
313 1460 469 1523 ᾶὴμῖν.
1613 1488 1629 1517 5

29 1556 83 1596 24
159 1542 271 1594 ι’Τιῗι
308 1542 586 1606 κελευόμενα
623 1543 742 1606 ἡμᾶς
782 1542 909 1607 ςᾶρα
945 1545 1016 1592 δεῖ
1047 1546 1194 1592 ποιεῖν
1227 1546 1374 1591 ταῦτα
1412 1544 1594 1608 φοβου-

92 1626 286 1689 μένουςς
346 1629 420 1676 καὶ
464 1625 527 1676 σὺ
572 1631 718 1676 ταῦτα
760 1625 991 1687 κελεύεις;
1041 1630 1229 1676 πολλοῦ
1274 1647 1329 1689 γε
1374 1627 1450 1674 καὶ
1494 1623 1597 1674 δέω.

6 1385 10 1484 F

7 1508 11 1550 Ι

5 1553 12 1666 !

8 1681 12 1810 ἱ
93 1712 200 1760 ἀλλ’
229 1713 289 1763 ὡς
328 1712 431 1761 οὔτε
467 1709 709 1778 πράξομεν
743 1708 873 1760 οὐδὲν
899 1708 1090 1777 ἀνάξιον
1124 1709 1254 1771 ἡμῶν
1286 1709 1438 1757 αὐτῶν
1473 1704 1601 1756 ‘¹01'J'T’

9 1816 15 2066 ἰ

11 2095 15 2176 ἓ

13 2187 16 2215 ι

13 2217 18 2406 ἰ

95 1794 227 1845 ἔσται
264 1793 491 1857 πόλεμος,
524 1816 632 1844 νουν
670 1792 751 1843 εἶδὲ
778 1792 976 1862 δόξομεν
1001 1797 1150 1843 πᾶσιν
1177 1791 1297 1858 ἔχειν
1332 1793 1407 1841 καὶ
1441 1789 1499 1840 τὰ
1531 1790 1600 1840 δί-

33 1897 83 1940 25
97 1901 202 1928 καια
235 1877 400 1943 λέγειν,
433 1879 555 1928 τοῦτ’
582 1876 709 1940 οἶμαι
743 1876 866 1927 ἰδεῖν
900 1881 1061 1927 ποιεῖν.
1104 1874 1223 1941 πρὸς
1258 1873 1307 1924 δὲ
1343 1873 1450 1926 τοὺς
1484 1877 1600 1939 θρα·
1623 1900 1661 1920 10

96 1962 216 2017 σέως
253 1964 407 2013 ὁτιοῦν
442 1962 675 2026 οἰομένους
708 1975 731 2009 g
749 1962 992 2026 ὑπομένειν
1017 1964 1109 2011 δεῖν
1136 1962 1211 2010 καὶ
1236 1959 1302 2024 μὴ
1328 1959 1604 2025 προορωμέ-

98 2067 201 2099 νους
226 2043 307 2095 τὸν
332 2043 544 2108 πόλεμον
570 2046 717 2095 ἐκεῖνα
742 2043 977 2107 βούλομαι
1004 2045 1316 2109 λογίσασθαι.
1359 2043 1487 2105 ἡμεῖς
1508 2046 1609 2106 Θη-

97 2129 257 2189 βαίους
294 2129 438 2189 ἐῶμεν
469 2127 589 2194 ε”χειν
612 2126 848 2193 Ὠρωπόν·
888 2130 963 2177 καὶ
1002 2127 1043 2177 ε’ί
1074 2150 1143 2181 τις
1182 2127 1330 2192 ε”ροιτο
1367 2127 1501 2190 ἡμᾶς,
1528 2148 1604 2176 κε-

100 2210 276 2264 λεύσας
312 2215 452 2262 εἰπεῖν
477 2213 676 2274 τάληθῆ,
704 2209 779 2261 διὰ
803 2211 852 2261 τί
871 2232 882 2272 ;
926 2210 1001 2260 ἵνα
1037 2209 1100 2274 μὴ
1136 2215 1431 2273 πολεμῶμεν,
1459 2209 1476 2236 ¹¹
1495 2213 1607 2278 φαῖ-

157 2331 176 2358 h
196 2332 265 2367 οὐδ’
287 2333 413 2367 B.F.S.
445 2333 644 2379 Legebatur
664 2333 735 2367 οὐκ.
814 2330 823 2357 i
846 2331 1032 2378 ἠβούλετο]
1059 2333 1154 2367 Libri
1175 2331 1352 2373 ἐβούλετο.
1430 2328 1452 2357 k
1472 2331 1608 2377 ἔμελεν]

104 2388 245 2430 ἔμελλεν
265 2385 308 2421 Β.
432 2383 442 2410 l
463 2385 499 2431 ἢ]
524 2385 542 2428 ἦ
561 2386 600 2419 τὸ
622 2386 792 2420 B.O.u.V.
815 2392 850 2420 et
868 2399 937 2421 rec..
959 2386 999 2420 F.
1129 2392 1155 2408 m
1176 2383 1609 2430 ἠβούλετο-ἠβούλοντο]

106 2438 507 2481 ἐβούλετο-ἐβούλοντο
528 2439 645 2474 B.S.v.
771 2445 791 2463 Π
811 2439 930 2485 αὑτὸν]
954 2440 1073 2473 ἑαυτὸν
1094 2439 1135 2473 B.
1266 2448 1284 2463 ⁰
1304 2438 1427 2484 αὑτοῦ]
1453 2439 1556 2472 αὐτοῦ
1578 2438 1614 2472 S.

106 2493 222 2526 ἑαυτοῦ
241 2494 358 2539 vulgo.
431 2500 448 2528 Ρ
468 2493 527 2526 τὸν
546 2504 616 2526 0111.
639 2493 724 2526 B.F.
795 2498 815 2525 (1
834 2491 1029 2538 γίγνεσθαι]
1054 2492 1213 2537 γενέσθαι
1233 2491 1400 2526 Y.O.u.v.
1476 2498 1490 2517 Γ
1510 2493 1616 2525 ταῦτα

105 2547 170 2591 γὰρ
188 2545 284 2579 πάντ’
305 2546 435 2580 A.S.Y.
464 2546 572 2578 πάντα
593 2546 658 2590 γὰρ
677 2548 783 2579 ταῦτα
804 2546 1014 2579 B.F.O.u.v.
1127 2550 1142 2568 S
1163 2541 1246 2578 εἶναι
1265 2556 1334 2577 om.
1357 2544 1391 2577 S.
1494 2543 1508 2567 t
1528 2557 1613 2588 συγ-

106 2598 330 2645 κατέπραξαν]
355 2599 652 2644 συγκατετάραξαν
671 2610 792 2644 margo
814 2599 851 2633 S.
873 2611 893 2632 a
912 2611 958 2632 m.
983 2597 1105 2643 prima.
1216 2603 1237 2621 ¹1
1257 2596 1342 2641 ἕνεχ’
1359 2595 1520 2641 εὑρήσετε
1540 2595 1613 2629 ἕκα-

107 2665 191 2686 στον
209 2652 335 2686 A.S.Y.
366 2652 458 2686 ἕνεκα
478 2651 621 2685 ἕκαστον
639 2651 802 2696 εὑρήσετε
821 2652 938 2697 vulgo.
1009 2656 1027 2674 Χ
1048 2648 1179 2694 πολλὰ]
1203 2650 1250 2684 εἷς
1269 2649 1385 2683 πολλὰ
1406 2648 1615 2683 B.F.O.u.v.

107 2703 141 2740 ἐς
159 2705 201 2739 τὰ
218 2706 334 2739 πολλὰ
353 2716 474 2749 margo
496 2705 530 2737 S.
552 2716 572 2738 a
591 2716 637 2738 m.
658 2716 726 2738 rec.
850 2710 868 2737 Y
886 2705 1000 2747 μέντοι
1021 2703 1145 2736 B.F.S.
1190 2702 1390 2748 Legebatur
1408 2703 1469 2746 μὲν
1488 2701 1616 2737 τοίνυν.

18 2758 20 2790 ἓ
109 2761 167 2791 νῦν
186 2759 281 2792 addit
300 2770 421 2803 margo
443 2758 478 2791 S.
501 2770 521 2791 a
540 2769 586 2790 m.
607 2757 856 2791 recentissima.
1008 2762 1025 2780 Ζ
1046 2755 1216 2801 τοιοῦτόν]
1241 2754 1332 2789 τοῦτ’
1354 2756 1389 2789 S.
1429 2755 1535 2793 Quod
1554 2767 1618 2800 pro

18 2796 21 2847 i
108 2810 230 2845 τοιοῦτ’
249 2812 406 2857 posuisse
426 2816 513 2856 puto
531 2811 722 2844 librarium.
857 2816 870 2831 ³¹
889 2808 984 2854 ἡμῖν]
1009 2809 1086 2853 ὑμῖν
1104 2809 1192 2842 A.Y.
1331 2808 1346 2830 ἴ)
1366 2808 1431 2854 Τὰ]
1455 2808 1497 2842 τὰ
1516 2808 1553 2841 δέ
1573 2807 1618 2842 Ο.

19 2849 22 2922 ξ
109 2867 124 2884 ⁴³
141 2863 220 2909 ἄρα]
244 2861 308 2910 ἆρα
329 2865 363 2899 S.
486 2862 501 2885 ‘¹
521 2862 609 2909 οὔτ’]
633 2864 693 2897 οὐκ
712 2864 755 2898 A.
880 2868 895 2887 e
916 2862 952 2896 δέ
974 2862 1009 2897 S.
1040 2876 1076 2895 τε
1094 2862 1212 2907 vulgo.
1333 2858 1348 2886 f
1365 2861 1435 2895 δεῖν
1453 2862 1562 2895 ποιεῖν
1583 2860 1619 2895 S.

20 2931 22 2966 Ι
111 2920 145 2950 et
163 2931 218 2962 γρ.
239 2917 323 2951 B.F.
353 2917 474 2962 δείξειν
494 2917 610 2962 vulgo.
735 2923 757 2952 g
776 2914 972 2961 ὑπομένειν]
997 2915 1172 2960 ὑπομεῖναι
1190 2914 1271 2949 A.S.
1397 2911 1418 2938 h
1437 2915 1563 2959 φαῖμεν
1585 2913 1621 2948 S.

21 3003 23 3008 f
111 2968 255 3013 φαίημεν
272 2971 389 3016 vulgo.

21 3031 23 3046 i

21 3119 24 3171 i

21 3180 24 3193 ⁴
