1882 3250
50 177 144 231 163,
161 191 192 216 8.
692 180 992 217 ΕΠΙΣΤΟΛΗ.
1539 180 1622 221 173

113 284 398 356 φασκόντων
433 288 556 338 δεινὰ
591 289 871 340 πεπονθέναι
909 287 1237 356 προσετάξατε
1274 292 1340 357 τῷ
1365 294 1622 358 στρατηγῷ

111 370 242 433 δίκην
277 371 388 435 παρ’
423 371 535 432 ἐμοῦ
573 375 740 431 λαβεῖν
782 370 897 437 ὑπὲρ
931 373 1128 434 ἐκείνων,
1164 371 1241 425 οὓς
1276 371 1368 436 ἐγὼ
1401 371 1486 433 μὲν
1525 373 1618 421 ἐτι-

111 451 407 517 μωρησάμην
417 454 718 519 ἐνδεεστέρως
734 452 762 517 ὴ
778 457 1030 519 προσῆκεν,
1042 457 1200 504 ἐκεῖνοι
1218 454 1266 505 δὲ
1281 453 1462 520 εἰρήνης
1476 455 1622 517 οὔσης

111 536 460 597 καταλαβόντες
481 536 797 600 ἰ(Αλόννησον
818 539 920 588 οὔτε
941 536 994 588 τὸ
1015 539 1187 604 χωρίον
1212 540 1315 589 οὔτε
1335 537 1442 590 τοὺς
1468 543 1615 605 φρου-
1633 552 1654 582 5

111 619 219 685 ροῦς
245 621 531 670 ἀπεδίδοσαν
565 621 845 686 πέμψαντος
884 620 998 685 ὑπὲρ
1031 621 1183 670 αὐτῶν
1216 622 1328 684 ἐμοῦ
1365 619 1617 674 πολλάκις.

53 721 99 762 13
115 705 239 767 ὑμεῖς
278 706 318 752 δ’
359 701 424 752 ὧν
463 702 549 766 μὲν
586 704 817 767 ἠδίκησαν
857 703 934 766 ἐμὲ
976 703 1282 769 Πεπαρήθιοι,
1322 703 1500 754 τούτων
1540 703 1624 766 μὲν

112 785 242 836 οὐδὲν
282 784 659 854 1(ἐπεσκέψασθε,
703 786 789 849 τὴν
834 785 881 836 δὲ
923 787 1160 851 τιμωρίαν,
1203 788 1408 851 ἀκριβῶς
1455 785 1625 840 εἰδότες

109 868 207 919 1ὅτι
244 867 330 931 τὴν
365 871 513 931 νῆσον
548 870 639 918 οὔτ’
667 869 862 921 ἐκείνους
902 869 1004 918 οὔτε
1043 870 1160 932 ὑμᾶς
1188 869 1466 937 ἀφειλόμην,
1494 869 1623 920 ἀλλά
1638 897 1681 918 10

110 951 193 1003 τὸν
212 950 399 1019 λῃστὴν
420 953 722 1017 Σώστρατον.
769 956 805 1002 εἰ
825 951 909 1014 μὲν
930 953 1010 1002 οὖν
1031 953 1165 1002 αὐτοί
1187 958 1308 1021 φατε
1333 957 1623 1019 παραδοῦναι

113 1035 399 1103 Σωστράτῳ,
436 1034 620 1101 λῃστὰς
654 1036 924 1099 ὁμολογεῖτε
959 1036 1292 1099 καταπέμπειν·
1330 1041 1365 1087 εἰ
1404 1036 1451 1087 δὲ
1489 1037 1623 1087 ἀκόν-

112 1142 206 1169 των
223 1120 351 1181 ὑμῶν
368 1121 534 1172 ἐκεῖνος
550 1125 578 1144 ¹¹³
589 1118 926 1183 κατεκράτει,τι’
939 1119 1088 1169 δεινὸν
1107 1119 1371 1170 πεπόνθατε
1389 1120 1625 1180 λαβόντος

113 1205 223 1266 ἐμοῦ
262 1204 337 1252 καὶ
371 1201 453 1252 τὸν
486 1201 633 1252 τόπον
670 1206 767 1255 τοῖς
804 1202 1035 1252 πλέουσιν
1063 1204 1266 1269 ἀσφαλῆ
1305 1204 1620 1270 παρέχοντοςς

53 1309 104 1347 14
114 1285 351 1349 τοσαύτην
369 1284 421 1335 δέ
435 1308 526 1348 μου
545 1285 822 1348 ποιουμένου
841 1284 1064 1350 πρόνοιαν
1083 1289 1164 1349 τῆς
1185 1287 1405 1351 ὑμετέρας
1425 1286 1622 1349 πόλεως,
1641 1309 1679 1340 ¹5

115 1373 189 1420 καὶ
224 1369 429 1422 διδόντος
464 1371 580 1437 αὐτῇ
614 1368 699 1433 τὴν
735 1373 896 1433 νῆσον,
936 1373 977 1419 οἱ
1015 1369 1204 1435 ῥήτορες
1242 1370 1503 1433 λαμβάνειν
1541 1370 1626 1432 μὲν

114 1455 196 1504 οὐκ
241 1453 662 1515 ε’ίων,ἀπολαβεῖν
707 1452 755 1503 δὲ
798 1454 1157 1515 συνεβούλευον,
1201 1453 1328 1507 ὅπως
1378 1456 1627 1517 ὑπομείνας

112 1536 195 1600 μὲν
221 1535 274 1586 τὸ
300 1535 742 1601 ΙΙπροσταττόμενον
764 1535 850 1599 τὴν
870 1538 1130 1601 ἀλλοτρίαν
1157 1537 1277 1603 ε”χειν
1303 1538 1540 1602 ὁμολογῶ,
1560 1538 1625 1602 μὴ

16 1684 19 1704 1
111 1619 378 1686 προειμένος
423 1619 470 1669 δὲ
510 1618 564 1670 τὸ
604 1620 776 1686 χωρίον
827 1621 1034 1673 ὕποπτος
1073 1620 1278 1685 γένωμαι
1322 1625 1388 1689 τῷ
1427 1620 1616 1684 πλήθει.
1638 1644 1681 1666 20

15 1756 20 1771 ι
55 1726 102 1767 15
115 1703 252 1768 γνοὺς
278 1703 368 1768 ἐγὼ
395 1708 541 1753 ταῦτα
560 1701 925 1767 προύκαλούμην
951 1706 1162 1768 κριθῆναι
1187 1703 1490 1769 περὶτούτων
1509 1703 1627 1770 πρὸς

115 1788 243 1849 ὑμᾶς,
272 1787 327 1837 ἵν’
356 1785 460 1836 Οέἀν
485 1785 569 1848 μὲν
594 1785 680 1849 ἐμὴ
706 1790 919 1852 γνωσθῇ,
943 1789 1051 1852 παρ’
1081 1789 1193 1850 ἐμοῦ
1221 1790 1336 1855 δοθῇ
1375 1787 1428 1839 τὸ
1455 1790 1629 1856 χωρίον

115 1872 233 1933 ὑμῖν,
284 1870 363 1920 ἐὰν
411 1869 458 1920 δὲ
509 1870 705 1935 ὑμετέρα
755 1874 940 1937 Ρκριθῇ,
992 1869 1097 1921 τότε
1149 1873 1310 1922 ἀποδῶ
1360 1876 1426 1940 τῷ
1475 1871 1623 1942 δήμῳ.

15 1949 19 2044 Ι
114 1959 262 2004 ταῦτα
302 1954 368 2003 (ἰδ’
410 1955 521 2016 ἐμοῦ
552 1952 787 2006 πολλάκις
823 1953 1064 2021 ἀξιοῦντος
1100 1955 1224 2016 ὑμεῖς
1259 1953 1343 2016 μὲν
1382 1955 1435 2003 οὐ
1469 1977 1624 2020 προσ-

55 2037 272 2103 ]6είχετε,
302 2036 593 2102 Πεπαρήθιοι
627 2036 674 2087 δὲ
705 2036 789 2100 τὴν
816 2039 964 2099 νῆσον
990 2036 1272 2097 κατέλαβον.
1311 2037 1360 2087 τί
1381 2037 1461 2086 οὖν
1487 2039 1627 2104 ἐχρῆν
1641 2060 1678 2091 25

114 2142 173 2183 με
210 2125 391 2181 ποιεῖν,
436 2121 489 2170 οὐ
532 2120 664 2182 δίκην
700 2123 866 2178 λαβεῖν
905 2117 1036 2183 παρὰ
1073 2123 1168 2168 τῶν
1205 2118 1628 2183 Γὑπερβεβηκότων

114 2203 222 2257 τοὺς
261 2203 458 2269 ὅρκους,
503 2204 556 2253 οὐ
586 2203 950 2267 τιμωρήσασθαι
988 2201 1095 2255 τοῦς
1135 2203 1279 2254 οὕτως
1319 2201 1629 2269 ὑπερηφάνως

117 2287 522 2351 ἀσελγαίνοντας;
567 2287 641 2334 καὶ
679 2283 772 2349 γὰρ
811 2288 847 2334 εἱ
889 2286 1203 2350 Πεπαρηθίων
1237 2283 1294 2348 ἦν
1329 2285 1356 2347 ἡ
1393 2288 1550 2348 νῆσος,
1585 2285 1635 2335 τί

116 2372 355 2434 προσῆκεν
393 2370 603 2419 ἀπαιτεῖν
638 2368 951 2431 Ἀθηναίους,
997 2372 1031 2417 εἱ
1071 2367 1119 2417 δὲ
1159 2368 1367 2433 ὑμετέρα,
1407 2373 1506 2421 πῶς
1547 2369 1724 2434 0131<163

118 2455 301 2506 ἐκείνοις
324 2455 566 2519 ὀργίζεσθε
594 2456 922 2512 καταλαβοῦσι
949 2451 1033 2515 τὴν
1059 2453 1319 2517 ἀλλοτρίαν
1341 2474 1353 2514 3

59 2550 106 2593 17
194 2541 276 2590 Εἰς
314 2542 452 2587 τοῦτο
487 2536 535 2586 δὲ
570 2535 933 2601 προβεβήκαμεν
970 2535 1152 2602 ἔχθρας,
1180 2534 1304 2585 ὥστε
1339 2534 1630 2599 βουλόμενος

0 2496 3 2546 ἔ

0 2548 8 2606 ,ῑ

13 2702 16 2747 ἶ
175 2713 184 2742 i
203 2715 410 2760 Ἁλόννησον
431 2717 473 2750 Ο,
504 2715 694 2757 Ἃλόνησον
714 2715 831 2761 vulgo.
954 2712 969 2734 ¹³
992 2715 1235 2759 ἐπεσκέψασθε
1255 2715 1356 2748 codd.
1380 2715 1449 2748 duo
1469 2727 1525 2760 ap.
1549 2715 1630 2749 Mo-

13 2760 16 2800 l
121 2770 256 2805 relium.
289 2770 489 2815 Legebatur
508 2769 769 2814 ἐπεσκήψασθε.
912 2764 922 2791 l
949 2767 1018 2813 ὅτι]
1043 2768 1150 2801 καίτοι
1171 2769 1197 2801 F
1202 2768 1338 2802 .Y.O.v.
1483 2774 1512 2792 m
1533 2783 1628 2802 κατε-

12 2802 16 2898 }
121 2822 249 2868 κράτει]
273 2824 401 2868 ἐκράτει
416 2825 456 2858 F.
527 2829 545 2847 Π
566 2820 880 2867 προσταττόμενον]
903 2821 1125 2855 scribebatur
1143 2824 1464 2867 προστασσόμενον.
1537 2827 1555 2845 0
1575 2822 1632 2854 ἐὰν

13 2905 16 2932 Ι
124 2876 330 2911 Schaeferus.
362 2877 563 2924 Legebatur
582 2876 621 2909 εἷ.
760 2881 779 2908 Ρ
799 2874 912 2919 κριθῇ]
937 2874 1042 2917 κληθῇ
1064 2874 1110 2909 O.
1247 2882 1265 2910 (Ι
1287 2874 1314 2908 δ’
1337 2875 1419 2918 ἐμοῦ
1440 2874 1479 2908 F.
1509 2874 1548 2908 δέ
1565 2889 1630 2918 μου

716 2934 772 2950 πἌ““

12 2938 16 3058 ἔ

11 3164 15 3223 ς

121 2964 240 3009 vulgo.
351 2970 366 2989 ¹*
387 2963 684 3010 ὑπερβεβηκότων]
711 2934 992 3007 ὑπερβεβηκότων
1008 2961 1047 2994 F.
1076 2963 1364 3006 παραβεβηκότων
1385 2961 1475 2995 Y.O.
