1882 3250
37 200 106 242 99,
124 203 156 228 6.
468 195 593 231 ΠΕΡΙ
624 193 739 231 ΤΩΝ
771 194 842 229 EN
875 192 1241 229 ΧΕΡΡΟΝΗΣΩΙ.
1530 189 1611 226 105

101 301 219 367 πρὸς
270 302 362 368 γὰρ
411 302 518 355 τοὺς
557 301 749 368 ἐχθροὺς
800 305 873 351 καὶ
917 300 1023 353 τοὺς
1070 299 1355 351 ἀντιπάλους
1407 298 1663 350 “ε’κεῖνοςιο

34 385 203 446 34ἑ’σθ’
232 386 256 435 ὁ
289 385 433 449 ἀγών.
477 391 558 435 νῦν
593 385 641 435 δέ
677 388 1063 449 δημαγωγοῦντες
1100 385 1215 445 ὑμᾶς
1252 384 1326 432 καὶ
1360 379 1606 447 χαριζόμε-

102 491 172 518 νοι
210 471 309 519 καθ’
337 468 607 534 ὑπερβολὴν
632 470 752 518 οὕτω
786 468 1137 528 διατεθείκασιν,
1163 463 1276 515 ὥστ’
1305 467 1387 514 ἐν1
1380 463 1386 468 ”
1401 462 1485 526 μὲν
1510 468 1610 516 ταῖς

100 553 370 615 ἐκκλησιαις
408 556 591 619 τρυφᾶν
622 574 696 601 και
732 548 1131 601 κολακεύεσθαι
1121 548 1301 599 πάντα
1338 545 1456 611 πρὸς
1494 547 1606 609 ἡδο-

100 634 184 697 νὴν
209 635 475 696 ἀκούοντας,
501 637 549 684 ἐν
576 633 625 684 δε
658 639 752 687 τοῖς
790 633 1040 699 πράγμασι
1080 655 1154 682 και
1191 637 1286 685 τοῖς
1320 630 1610 695 γιγνομένοις

97 721 203 784 περὶ
239 723 332 769 τῶν
359 718 574 785 ἐσχάτων
610 718 697 781 ἤδη
737 716 1024 768 κινδυνεύειν.
1066 717 1178 783 φέρε
1204 714 1297 780 γὰρ
1334 713 1452 779 πρὸς
1479 712 1660 776 Διὸςμε,

98 806 136 852 εἰ
163 800 310 866 λόγον
336 803 453 864 ὑμᾶς
478 800 787 864 ἀπαιτήσειαν
815 799 873 850 ὀἱ
903 799 1140 862 ’Έλληνες
1173 796 1237 847 ὧν
1263 799 1360 847 νυνὶ
1396 797 1605 860 Πίιπαρεί-

29 905 82 946 35
99 907 208 935 κατε
253 890 425 950 καιρῶν
470 884 545 935 διὰ
589 886 833 953 ῥαθυμίαν,
879 886 954 934 καὶ
1005 883 1167 948 ἔροινθ’
1223 883 1352 944 ὑμᾶς,
1405 887 1431 909 “
1448 881 1609 945 ἄνδρες

99 975 129 997 “
157 972 410 1031 Ἀθηναῖοι,
452 969 654 1030 πέμπετε
694 970 755 1020 ὡς
798 968 918 1030 ἡμᾶς
960 965 1210 1017 Πὲκάστοτε
1254 964 1492 1030 πρέσβεις,
1534 965 1609 1013 καὶ

97 1058 124 1080 “
150 1052 302 1116 λέγεθ’
343 1053 404 1105 ὡς
446 1051 733 1111 ἐπιβουλεύει
769 1052 1007 1103 Φίλιππος
1049 1050 1157 1112 ἡμῖν
1193 1051 1268 1098 καὶ
1313 1052 1468 1098 0ποῖσι
1513 1051 1607 1100 τοῖς
1622 1074 1661 1095 20

97 1134 358 1198 ““Έλλησι
405 1136 479 1184 καὶ
522 1136 583 1186 ὡς
629 1133 957 1201 φυλάττεσθαι
999 1135 1071 1182 δεῖ
1116 1131 1198 1181 τὸν
1239 1131 1488 1196 ἄνθρωπον
1533 1133 1608 1180 καὶ

97 1224 123 1246 “
148 1216 304 1268 πάντα
344 1216 402 1266 τὰ
444 1218 694 1272 promovi?
742 1215 922 1279 ἀνάγκη
975 1214 1179 1282 φάσκειν
1225 1237 1297 1263 και
1344 1215 1605 1278 ὁμολογεῖν·

94 1306 315 1363 ποιοῦμεν
353 1299 446 1364 γὰρ
489 1305 648 1349 ταῦτα.
710 1296 838 1355 ίεἶτ’,
873 1295 908 1346 ὠ
948 1297 1139 1347 πάντων
1182 1296 1443 1362 ἀνθρώπων
1477 1300 1603 1363 φαυ-

98 1391 124 1413 “
149 1384 354 1446 λότατοι,
381 1384 490 1434 δέκα
516 1385 664 1445 μῆνας
690 1381 1032 1446 ἀπογενομένου
1067 1379 1346 1445 τάνθρώπου
1378 1401 1453 1429 και
1479 1377 1606 1447 νόσῳ

26 1477 80 1528 36
95 1474 122 1496 “
149 1469 223 1517 καὶ
274 1471 463 1533 χειμῶνι
519 1468 593 1516 καὶ
643 1465 866 1527 πολέμοις
927 1463 1314 1531 (ὶάποληφθέντος
1365 1461 1488 1513 ὥστε
1539 1462 1656 1526 μὴῃ

93 1557 121 1579 “
146 1548 203 1600 ἂν
229 1549 459 1600 δύνασθαι
485 1550 756 1599 ἐπανελθεῖν
778 1548 945 1609 οἴκαδε,
973 1548 1075 1597 οὔτε
1102 1545 1187 1610 τὴν
1208 1548 1417 1606 Εὔβοιαν
1443 1547 1604 1609 Γήλευ-

91 1641 118 1663 “
144 1635 381 1699 θερώσατε
420 1634 524 1682 οὔτε
559 1636 652 1681 τῶν
687 1631 916 1696 ὑμετέρων
947 1631 1099 1680 αὐτῶν
1134 1629 1264 1679 οὐδὲν
1300 1630 1603 1697 ἐκομίσασθε,

91 1724 120 1746 “
145 1719 259 1767 ἀλλ’
287 1719 453 1769 ἐκεῖνος
479 1716 562 1778 μὲν
589 1717 717 1778 ὑμῶν
743 1715 856 1765 οἴκοι
885 1713 1132 1777 μενόντων,
1160 1712 1349 1780 σχολὴν
1375 1711 1602 1778 ἀγόντων,

92 1806 119 1828 “
146 1798 491 1864 ὑγιαινόντων,”
519 1803 555 1848 εἰ
595 1798 678 1861 5δὴ
713 1797 819 1850 τοῦς
853 1797 912 1847 τὰ
947 1803 1139 1848 τοιαῦτα
1172 1802 1420 1849 ποιοῦντας
1456 1797 1602 1861 ὑγιαί-

92 1906 184 1934 νειν
218 1882 421 1950 φήσαιεν
455 1890 480 1911 ‘⁴
499 1882 580 1932 δύο
616 1884 663 1932 ἐν
696 1882 877 1949 Εὐβοίᾳ
919 1881 1182 1944 κατέστησε
1217 1880 1481 1945 τυράννους,
1521 1878 1603 1930 τὸν
1617 1900 1669 1941 99

91 1973 117 1995 ‘⁶
143 1965 226 2029 μὲν
269 1964 527 2031 ἀπαντικρὺ
569 1968 651 2028 τῆς
704 1967 922 2027 Ἀττικῆς
972 1966 1270 2031 ἐπιτειχίσας,
1321 1963 1402 2013 τὸν
1446 1967 1487 2013 δ’
1529 1965 1603 2014 ἐπὶ

25 2055 119 2100 37“
144 2050 384 2111 ἴΣκίαθον,
427 2051 550 2111 ὑμεῖς
597 2052 637 2099 δ’
680 2048 783 2098 οὐδὲ
835 2052 963 2098 ταῦτ’
1004 2047 1328 2108 ἀπελύσασθε,
1374 2050 1411 2096 εὶ
1460 2046 1602 2110 μηδὲν

89 2141 117 2163 “
141 2134 267 2184 ἄλλο
318 2133 590 2195 ἐβούλεσθε,
632 2134 745 2182 ἀλλ’
788 2131 966 2182 εἰάκατε
1018 2133 1126 2180 ιᾸκαὶ
1168 2130 1409 2198 ἀφέστατε
1454 2133 1601 2192 δῆλον

89 2225 116 2246 “
140 2218 210 2268 ὅτι
248 2219 388 2286 αὐτῷ,
427 2219 501 2267 καὶ
537 2214 741 2284 φανερὸν
776 2214 1057 2279 πεποιήκατε
1095 2213 1165 2264 ὅτι
1200 2214 1296 2263 οὐδ’
1325 2211 1383 2263 ἂν
1420 2213 1629 2281 δεκάκι95

90 2301 369 2369 “ἀποθάνῃ,
422 2300 554 2352 οὐδὲν
603 2305 791 2363 μᾶλλον
844 2298 1138 2362 Χκινήσεσθε.
1199 2299 1248 2348 τί
1295 2297 1375 2347 οὖν
1425 2304 1600 2361 Υπρεσ-

141 2437 161 2465 h
182 2441 304 2477 ἐκεῖνος
325 2442 360 2476 S.
395 2441 593 2486 Legebatur
612 2440 648 2473 ἐν
668 2440 816 2474 ἐκείναις.
896 2436 905 2463 5
926 2439 986 2482 μὲν
1006 2450 1075 2472 om.
1099 2437 1133 2471 S.
1215 2433 1234 2460 k
1256 2435 1381 2481 πάντα]
1406 2436 1533 2471 πάντας
1553 2436 1597 2471 Ο.

838 2499 852 2518 η

89 2527 96 2550 ¹
116 2530 148 2563 οἱ
166 2540 234 2563 om.
257 2528 337 2563 ΟΝ.
445 2533 471 2550 ¹¹¹
490 2527 667 2572 παρείκατε
687 2526 730 2561 Y.
761 2540 939 2570 παρεικατε
959 2526 1001 2559 A.
1032 2538 1201 2569 παρηκατε
1222 2524 1262 2558 F.
1293 2522 1462 2567 παρήκατε
1479 2524 1597 2568 vulgo.

87 2585 103 2603 ¹¹
122 2582 282 2615 ἑκάστοτε
301 2583 467 2627 πρέσβεις
486 2592 556 2614 om.
579 2592 632 2624 pr.
655 2579 698 2613 Y.
787 2584 805 2603 0
825 2577 1091 2622 πᾶσι-πάντα]
1115 2575 1411 2611 ἅπασι-ἅπαντα
1431 2575 1595 2610 F.O.u.V.

88 2638 107 2666 Ρ
125 2635 255 2668 τοιαυτί
275 2635 311 2668 S.
343 2634 544 2680 Legebatur
562 2635 713 2666 τοιαῦτα.
840 2640 857 2665 (1
879 2629 1156 2674 ἀποληφθέντος]
1180 2629 1451 2673 ἀπολειφθέντος
1472 2628 1506 2661 S.
1539 2643 1557 2670 η
1578 2641 1598 2662 a

86 2697 130 2719 m.
151 2699 220 2722 rec.
243 2688 490 2732 superscripto.
601 2691 617 2710 Γ
636 2683 909 2729 ἠλευθερώσατε]
935 2682 1218 2726 ἦλευθερὼσασθε
1240 2681 1284 2715 O.
1396 2685 1410 2704 ³
1431 2681 1595 2725 δὴ-φή-

1121 2739 1147 2756 0»

85 2773 194 2818 σαιεν]
218 2774 435 2819 δεῖ-φῆσαι
456 2771 669 2806 F.Y.O.u.v.
746 2770 760 2795 t
780 2770 920 2804 Σκίαθον
941 2769 976 2803 S.
1007 2769 1146 2802 σκιάθωι
1164 2770 1204 2803 F.
1236 2770 1436 2814 Legebatur
1455 2768 1594 2815 Σκιάθῳ.

84 2831 105 2852 ¹1
125 2827 177 2859 καὶ
195 2838 266 2860 om.
294 2826 330 2861 S.
459 2834 474 2852 Χ
497 2824 677 2868 κινήσεσθε
697 2824 782 2858 AS.
815 2823 1014 2867 Legebatur
1033 2822 1125 2865 ὑμεῖς
1143 2838 1195 2868 γε.
1322 2828 1334 2850 θ’
1356 2820 1595 2866 πρεσβεύεσθε

345 2877 394 2901 »res

81 2911 171 2946 A.Y.
201 2912 411 2958 πρεσβεύετε
432 2913 470 2947 F.
501 2909 711 2956 πρεσβεύετε
733 2911 844 2944 S.u.v.
893 2909 949 2942 Sic
977 2908 1187 2953 πρεσβεύετε
1216 2922 1280 2956 pro
1299 2909 1537 2955 πρεσβεύεσθε
1558 2910 1593 2943 in

81 2974 182 2998 versu
214 2966 391 3011 Aristoph.
424 2965 510 2999 Ach.
546 2973 630 3009 133.
663 2963 830 3008 scriptum
862 2974 918 3007 ap.
952 2963 1117 2996 Choerob.
1146 2975 1180 3008 p.
1214 2972 1302 3010 559,
1333 2963 1366 2998 8.
1393 2964 1447 2998 ed.
1483 2962 1592 2998 Gaisf.

140 3039 232 3065 voL.
250 3040 279 3066 l.
869 3037 894 3063 P
