1903 3271
65 179 292 221 -449,1s.
564 172 692 211 ΠΕΡΙ
721 173 833 211 ΤΗΣ
864 174 1327 217 ΠΑΡΑΠΡΕΣΒΕΙΑΣ,
1616 179 1699 222 475

185 282 410 348 λοτρίαν;
447 283 518 336 τίς
545 282 750 349 Μέγαρα
772 283 937 349 πρώην
962 285 1127 349 ὀλίγου
1149 309 1161 348 ;
1205 288 1273 340 τίς
1294 291 1535 351 Θηβαίους
1561 294 1698 357 ἰσχυ-

87 377 175 432 386
183 365 325 431 ρούς;
363 366 541 416 τούτων
574 365 667 432 γὰρ
704 366 836 418 οὐδὲν
868 367 1110 418 τοσούτων
1134 372 1210 419 καὶ
1235 372 1523 433 τηλικούτων
1549 373 1696 425 ὄντων
1712 398 1749 430 25

185 448 261 500 διὰ
295 448 402 503 τοὺς
433 449 729 516 στρατηγοὺς
765 450 996 514 ἀπώλετο,
1023 452 1144 501 Οούδ’
1173 454 1221 502 ἐν
1255 457 1312 519 τῇ
1352 453 1506 521 εἰρήνῃ
1540 462 1690 522 Ρσυγ-

183 532 394 600 χωρηθὲν
429 533 717 584 πεισθέντων
748 535 877 597 ὑμῶν
911 534 1002 601 ε”χει
1042 535 1295 598 Φίλιππος,
1323 536 1452 587 ἀλλὰ
1484 538 1559 588 διὰ
1583 540 1693 590 τού-

183 638 291 669 τους
329 615 578 667 Ἶάπόλωλε
617 617 692 666 καὶ
729 615 816 680 τὴν
853 617 1060 668 ΙΓτούτων
1103 620 1403 684 δωροδοκίαν.
1447 619 1505 671 ἂν
1543 622 1698 674 τοίνυν

183 706 330 750 ταῦτα
374 699 459 762 μὲν
501 699 668 768 φεύγῃ,
711 705 875 768 πλανᾷ
923 700 970 751 δὲ
1015 703 1089 751 καὶ
1133 702 1289 753 πάντα
1328 708 1518 766 μᾶλλον
1561 705 1695 774 λέγῃ,

183 783 362 837 ἐκείνως
412 783 554 834 αὐτὸν
604 782 811 851 δέχεσθε.
857 790 885 813 “
902 785 956 834 οὐ
1007 789 1291 854 8στρατηγεῖ)
1343 787 1596 853 δικάζομεν,
1643 790 1696 840 οὐ
1709 804 1790 845 449

87 871 168 926 387
186 873 213 896 ‘⁶
237 869 341 933 περὶ
379 866 578 917 ἵτούτων
615 867 802 933 11κρίνει.
846 875 864 892 v
879 867 944 931 μὴ
979 868 1087 933 λέγε
1121 868 1163 919 εἴ
1195 892 1263 922 τις
1300 869 1442 923 αἴτιός
1478 873 1582 922 ἐστι
1621 875 1696 923 καὶ

184 957 213 980 “
236 950 387 1004 ἄλλος
425 956 509 1001 τοῦ
548 951 794 1002 ΨΦωκέων
833 951 1045 1018 ὀλέθρου,
1080 953 1191 1003 ἀλλ’
1221 955 1282 1006 ὡς
1328 955 1380 1003 οὐ
1419 954 1482 1005 σὺ
1526 955 1696 1009 Χαῖτιος

182 1040 210 1065 “
234 1034 402 1103 δεῖξον.
441 1035 491 1084 τί
530 1034 624 1097 οὖν,
664 1034 706 1085 εἴ
742 1058 788 1085 τι
828 1036 1140 1100 Δημοσθένης
1182 1037 1365 1101 Ῡήδίκει,
1405 1044 1486 1089 νῦν
1530 1040 1695 1104 λέγεις,

181 1123 209 1148 “
235 1118 345 1168 ἀλλ’
374 1119 461 1185 οὐχ
494 1117 569 1168 ὅτε
607 1116 692 1171 τὰς
729 1118 920 1171 εὐθύνας
957 1120 1108 1170 ἐδίδου
1146 1120 1453 1187 κατηγόρεις;
1499 1123 1552 1173 δι’
1583 1121 1726 1173 αὐτὸ5

182 1207 209 1230 “
233 1199 328 1268 γὰρ
369 1199 411 1252 εἷ
447 1207 584 1252 τοῦτο
625 1202 926 1253 ἀπολωλέναι
970 1204 1154 1256 δίκαιος.
1195 1203 1259 1268 μὴ
1299 1204 1408 1269 λέγε
1449 1208 1511 1259 ὡς
1548 1205 1696 1257 καλὸν

181 1291 211 1314 “
236 1285 442 1352 Ζεἰρήνη,
480 1289 589 1349 μηδ’
629 1289 727 1339 δὼς
768 1286 1033 1354 συμφέρον·
1073 1288 1219 1340 οὐδεὶς
1266 1287 1359 1354 γὰρ
1400 1290 1602 1340 αἰτιᾶταί
1638 1313 1697 1340 σε

86 1371 212 1426 388“
237 1373 320 1419 τοῦ
347 1367 678 1432 ἱ)ποιήσασθαι
706 1378 720 1396 ‘⁵
738 1368 824 1432 τὴν
848 1368 992 1419 πόλιν
1018 1369 1215 1435 εἰρήνην·
1259 1373 1369 1421 ἀλλ’
1398 1374 1459 1425 ὡς
1498 1373 1580 1423 οὐκ
1616 1377 1690 1423 αἱ-

183 1459 211 1482 “
235 1452 366 1519 σχρὰ
406 1454 481 1503 καὶ
525 1454 853 1514 ἐπονείδιστος,
895 1453 971 1503 καὶ
1011 1453 1175 1504 πολλὰ
1221 1455 1419 1520 ὕστερον
1461 1456 1695 1523 ἐξηπατή-

182 1543 209 1566 “
234 1541 368 1599 μεθα,
419 1539 495 1587 καὶ
543 1535 677 1588 πάντ’
725 1536 958 1599 ἀπώλετο,
1002 1542 1148 1587 ταῦτα
1198 1538 1321 1602 λέγε.
1378 1538 1556 1589 τούτων
1603 1539 1695 1605 γὰρ
1714 1569 1749 1590 10

184 1627 210 1650 ‘⁶
238 1619 460 1671 ἁπάντων
500 1618 646 1683 ᾱὴμῖν
696 1619 838 1673 αἴτιος
884 1619 948 1669 σὺ
995 1619 1206 1688 δέδειξαι,
1248 1622 1323 1670 καὶ
1375 1623 1422 1672 τί
1463 1622 1520 1686 δὴ
1561 1623 1696 1690 μέχρι

182 1710 211 1733 “
236 1705 364 1754 ενυνὶ
399 1701 481 1754 τὸν
518 1702 578 1753 τὰ
615 1709 805 1753 τοιαῦτα
840 1703 1127 1767 πεποιηκότα
1161 1706 1356 1758 ἐπαινεῖς
1381 1705 1423 1766 ;”
1467 1703 1552 1755 ἷᾶν
1578 1707 1697 1756 οὕτω

994 1787 1005 1804 Ι

183 1786 454 1855 φυλάττητε
493 1785 647 1848 αὐτὸν,
693 1787 780 1852 οὐχ
823 1786 915 1854 ἕξει
956 1809 1000 1837 τι
1043 1786 1202 1851 ἕλέγη,
1243 1787 1373 1837 ἀλλὰ
1410 1790 1495 1852 τὴν
1534 1790 1697 1842 ἄλλως

181 1870 358 1920 ἐνταῦθ’
386 1871 550 1935 ἐπαρεῖ
569 1868 655 1933 τὴν
681 1866 843 1936 φωνὴν
870 1871 945 1919 καὶ
970 1868 1358 1937 πεφωνασκηκὼς
1383 1870 1532 1922 ἔσται.

88 1959 172 2013 389
259 1954 427 2004 Καίτοι
462 1956 537 2004 καὶ
567 1955 673 2017 περὶ
698 1955 781 2015 τῆς
815 1956 976 2020 φωνῆς
1016 1954 1132 2007 ἰ’σως
1167 1959 1309 2005 εἰπεῖν
1335 1953 1530 2019 ἀνάγκη·
1572 1955 1746 2009 πάνυιε

182 2037 276 2104 γὰρ
308 2037 431 2102 μέγα
464 2039 540 2087 καὶ
565 2035 666 2087 ὴέπὶ
692 2035 837 2103 ταύτῃ
876 2041 1065 2104 φρονεῖν
1091 2037 1233 2087 αὐτὸν
1260 2038 1426 2100 ἀκούω,
1454 2040 1515 2092 ὡς
1549 2037 1691 2089 ἰκαθ-

182 2121 572 2188 υποκρινούμενον
598 2122 730 2183 ὑμᾶς.
773 2122 874 2183 ἐμοὶ
910 2120 958 2171 δὲ
988 2123 1159 2171 δοκεῖτε
1191 2122 1496 2172 ἀτοπώτατον
1517 2121 1690 2173 Ῐάπάν-

181 2230 276 2258 των
295 2204 353 2257 ἂν
377 2209 587 2269 ποιῆσαι,
614 2208 651 2255 εἶ
678 2204 753 2254 ὅτε
779 2203 862 2267 μὲν
888 2204 947 2255 τὰ
968 2205 1184 2256 Θυέστου
1203 2208 1277 2256 καὶ
1305 2211 1398 2256 τῶν
1417 2207 1490 2257 ἐπὶ
1518 2205 1696 2275 ιλ’Τροίᾳ

236 2337 255 2356 ⁰
274 2330 345 2365 οὐδ’
366 2330 418 2376 ἐν]
440 2330 538 2364 οὐδὲν
559 2330 664 2368 F.Q.t
681 2341 748 2363 u.v.
900 2337 917 2363 Ρ
939 2329 1178 2374 συγχωρηθὲν]
1204 2329 1462 2374 συγκεχωρηθὲν
1482 2329 1524 2364 O.
1556 2344 1693 2375 συγχω·

181 2385 282 2430 ρηθὲν
301 2385 398 2418 οὐδὲν
418 2397 445 2418 s.
476 2383 699 2429 συγχωρηθὲν
719 2382 795 2415 οὐδὲ
816 2383 926 2415 A.k.r.
1015 2388 1035 2414 q
1054 2382 1229 2427 ἀπόλωλε]
1252 2383 1447 2416 ἀπολώλεκε
1469 2396 1496 2416 r.
1586 2390 1600 2408 1'
1620 2383 1695 2417 τού-

182 2438 266 2484 των]
289 2436 411 2471 τούτου
428 2443 493 2471 t.u.
651 2444 663 2462 S
694 2435 892 2482 στρατηγῷ]
916 2437 1109 2480 στρατηγὸν
1126 2448 1154 2470 r.
1313 2436 1325 2459 t
1356 2435 1501 2481 τούτων]
1526 2436 1648 2470 τούτου
1667 2450 1694 2471 s.

182 2497 204 2517 ¹²
223 2490 344 2537 κρίνει]
369 2491 592 2525 Scribebatur
612 2490 718 2535 κρίνῃ.
855 2494 870 2508 “’
889 2489 933 2532 μὴ
953 2488 1049 2534 λέγε]
1072 2489 1154 2531 μηδε
1174 2503 1212 2534 γε
1234 2489 1268 2523 S.
1399 2495 1427 2511 W
1448 2488 1604 2534 φωκέων]
1629 2492 1695 2524 τῶν

183 2546 324 2589 φωκέων
344 2544 661 2583 F.Y.Q.O.r.t.u.v.
750 2550 768 2569 Χ
789 2542 912 2587 αἴτιος]
937 2541 1043 2577 αἴτιος
1062 2539 1094 2575 εἶ
1110 2542 1230 2576 Y.O.r.
1262 2542 1432 2576 συναίτιος
1453 2539 1486 2575 εἶ
1504 2543 1692 2581 F.Q.t.u.v.

183 2604 201 2631 Y
221 2597 342 2643 ἠδίκει]
366 2596 497 2641 ἠδίκηκε
516 2597 595 2631 A.k.
743 2603 760 2622 Ζ
781 2595 910 2643 εἰρήνη]
936 2595 954 2638 ἡ
975 2594 1086 2640 εἷρήνη
1106 2596 1250 2629 A.k.r.s.
1391 2600 1409 2620 a
1428 2595 1472 2630 ὡς
1491 2607 1559 2629 om.
1583 2597 1692 2630 A.k.s.

183 2648 203 2676 b
223 2651 450 2697 ποιήσασθαι]
474 2652 615 2694 ποιῆσαι
634 2651 744 2685 A.k.s.
914 2654 929 2673 ⁰
949 2649 1009 2692 τὴν
1024 2651 1125 2682 πόλιν
1147 2648 1293 2693 εἰρήνην]
1316 2647 1447 2693 εἰρήνην
1467 2649 1526 2691 τὴν
1545 2651 1646 2682 πόλιν
1666 2662 1692 2684 s.

183 2701 202 2729 d
221 2704 298 2748 ἡμῖν
317 2710 398 2739 ante
417 2704 572 2738 ἁπάντων
592 2704 629 2737 F.
652 2711 732 2749 post
751 2704 856 2739 αἴτιος
877 2704 910 2738 k.
987 2737 989 2739 ,
1055 2707 1072 2726 e
1093 2701 1179 2746 νυνὶ]
1203 2704 1261 2735 νῦν
1279 2701 1390 2735 A.k.s.
1525 2699 1540 2726 f
1554 2699 1612 2748 ἂν]
1637 2703 1694 2736 ἐὰν

183 2759 323 2792 A.k.r.s.
435 2764 455 2791 ἕ
473 2757 576 2803 λέγῃ]
600 2756 692 2802 λέγει
712 2763 842 2793 r.t.u.v.
934 2753 955 2780 h
975 2756 1029 2788 ἐπὶ
1048 2754 1170 2800 ταύτῃ]
1196 2754 1246 2788 ἐπ’
1269 2755 1365 2797 αὖτῆι
1384 2754 1473 2790 Y.O.
1565 2752 1575 2779 i
1595 2756 1693 2790 καθυ-

183 2811 461 2857 ποκρινούμενον]
485 2812 807 2855 καθυποκρινόμενον
826 2812 966 2845 A.k.r.s.
1051 2807 1061 2843 j
1081 2808 1236 2842 ἁπάντων
1256 2807 1311 2851 ἂν]
1333 2805 1375 2841 ἂν
1394 2809 1528 2841 πάντων
1547 2810 1692 2843 A.k.r.s.

184 2862 206 2890 k
224 2864 339 2911 Τροίαι
358 2870 535 2899 correctus
553 2865 611 2903 Α.,
626 2866 685 2910 qui
705 2878 724 2900 a
739 2877 791 2911 pr.
813 2876 918 2898 manu
930 2861 1051 2907 Τροίαν
1070 2863 1124 2896 vel
1139 2862 1259 2907 Τροίας
1278 2861 1411 2896 habuit.
1445 2862 1565 2906 Τροίαν
1585 2862 1694 2896 codex

186 2919 364 2954 Parisinus
383 2931 474 2953 unus
494 2918 658 2953 Motellii.

881 2980 904 3021 3
930 2981 952 3007 P
975 2978 998 3007 2
