1882 3250
239 210 294 250 98
780 210 1207 248 ΔΗΜΟΣΘΕΝΟΎΣ
1366 207 1447 246 On.
1476 206 1606 245 VIII.
1629 220 1670 259 p.
1690 216 1758 256 92,
1781 220 1872 243 14-—

200 336 225 374 6
237 322 538 387 γεγραμμένα
579 325 735 384 κεῖται,
780 322 992 388 φαίνεται
1034 321 1069 369 δ’
1116 321 1193 370 ἀπ’
1235 321 1380 385 ἀρχῆς
1426 320 1450 368 ὁ
1497 318 1750 378 Φίλιππος,

237 408 313 455 καὶ
352 405 607 463 Διοπείθην
646 406 903 455 ἐκπλεῦσαι
948 405 1022 453 καὶ
1068 401 1174 455 τοὺς
1219 401 1509 467 κληρούχους
1548 399 1625 453 οὓς
1671 406 1802 451 νῦνῐε

238 492 472 538 αἰτιῶνται
517 488 815 550 πεποιηκέναι
860 484 1120 547 Οπόλεμον,
1163 484 1328 536 πολλὰ
1372 483 1456 548 μὲν
1499 488 1593 534 τῶν
1638 484 1748 546 ἡμε-

240 571 382 636 τὲρων
433 572 600 623 ἀδίκως
663 569 883 638 εἰληφὼς,
936 568 1049 634 ὑπὲρ
1112 566 1175 618 ὧν
1226 567 1504 636 ψηφίσμαθ’
1560 567 1755 631 ὑμέτερα

238 656 531 720 ἐγκαλοῦντα
567 654 699 719 κύρια
736 655 880 714 ταυτὶ,
914 651 1070 702 πάντα
1106 651 1154 701 δὲ
1188 650 1270 701 τὸν
1303 650 1509 717 ῐ’χρόνον
1543 654 1754 716 συνεχῶς

237 738 296 789 τὰ
334 743 428 788 τῶν
467 738 634 787 ἄλλων
669 735 922 799 Ἑλλήνων
963 737 1037 784 καὶ
1078 733 1337 799 βαρβάρων
1379 731 1641 794 λαμβάνων
1678 733 1753 782 καὶ
1767 755 1806 777 20

238 823 364 889 ἐφ’(Ι
381 821 501 884 ἡμᾶς
543 818 960 885 συσκευαζόμενος,
999 819 1047 867 τί
1079 823 1215 867 τοῦτο
1251 817 1489 881 λέγουσιν,
1531 819 1593 869 ὡς
1629 829 1751 866 Γπο-

202 908 396 968 7λεμεῖν
434 902 462 967 ἦ
503 903 633 967 ἄγειν
678 901 861 968 ειρήνην
903 905 998 960 δεῖς
1041 901 1093 950 οὐ
1132 899 1225 965 γὰρ
1263 900 1440 965 αι’ρεσις
1476 901 1607 950 ἐστιν
1647 899 1756 962 ἡμῖν

237 993 320 1037 τοῦ
369 1008 664 1052 πραγματος,
708 986 818 1034 ἀλλ’
866 984 1167 1035 ὑπολείπεται
1218 1006 1272 1032 το
1318 983 1663 1033 δικαιότατον5
1682 1005 1756 1032 και

238 1066 607 1133 ἀναγκαιότατον
633 1070 727 1116 τῶν
753 1066 918 1133 ἔργων,
948 1065 972 1116 ὃ
1004 1066 1368 1131 ὑπερβαίνουσιν
1393 1063 1572 1118 ἑκόντες
1611 1064 1750 1114 οὗτοι.

237 1151 286 1200 τί
332 1151 413 1201 οὖν
461 1152 564 1200 ἐστὶ
615 1155 782 1211 τοῦτο;
847 1148 1136 1212 ἵοὶμύνεσθαι
1193 1147 1275 1198 τὸν
1325 1147 1553 1214 πρότερον
1604 1154 1749 1199 πολε·
1768 1170 1804 1201 ²5

237 1233 399 1297 μοῦνθ’
446 1234 608 1297 “ἡμῖν.
667 1232 796 1296 πλὴν
844 1236 918 1282 Χεῖ
969 1238 1107 1282 τοῦτο
1156 1239 1174 1267 5
1191 1231 1387 1297 λέγουσι
1437 1231 1492 1295 νὴ
1538 1232 1634 1294 Δί’,
1680 1233 1756 1293 ὡς,

1138 1320 1157 1329 Α

241 1314 298 1367 ἂν
324 1317 553 1383 ἀπέχηται
578 1319 661 1379 τῆς
687 1318 958 1379 ἈττικῆςΖ
975 1338 1050 1365 και
1076 1337 1158 1365 του
1193 1321 1211 1341 ³
1229 1314 1503 1381 Πειραιῶςὶ)
1513 1316 1537 1364 ὁ
1574 1315 1753 1365 Φίλιπ-

204 1412 343 1461 8πος,
371 1400 463 1449 οὔτ’
493 1401 641 1448 ἀδικεῖ
675 1397 760 1462 τὴν
794 1397 937 1448 πόλιν
977 1399 1080 1448 οὔτε
1117 1403 1242 1448 ποιεῖ
1273 1398 1526 1462 ςπόλεμον.
1570 1402 1606 1448 εἰ
1640 1400 1677 1448 δ’
1706 1399 1756 1448 ἐκ

1357 1480 1376 1507 d

242 1481 420 1533 τούτων
446 1481 505 1532 τὰ
530 1482 682 1532 δίκαια
708 1483 908 1532 τίθενται
935 1483 1010 1531 καὶ
1036 1479 1121 1544 τὴν
1148 1480 1331 1546 εἰρήνην
1393 1482 1538 1548 ταύτῃ
1574 1481 1750 1548 ὁρίζον-

241 1587 332 1623 ται,
363 1565 433 1615 ὅτι
457 1563 541 1627 μὲν
567 1563 798 1627 δήπουθεν
824 1565 918 1614 οὔθ’
949 1563 1060 1613 ὅσια
1091 1565 1183 1614 οὔτ’
1214 1563 1383 1614 ἀνεκτὰ
1407 1564 1634 1630 λέγουσιν
1659 1566 1822 1621 οὔθ’92

240 1649 371 1712 θὑμῖν
406 1650 624 1716 ἀσφαλῆ,
652 1648 799 1712 δῆλόν
834 1650 965 1698 ἐστιν
1001 1645 1193 1709 ἅπασιν,
1221 1648 1274 1697 οὐ
1308 1646 1401 1711 μὴν
1436 1649 1546 1698 ἀλλ’
1574 1649 1758 1699 ἐναντία

238 1733 488 1795 συμβαίνει
526 1737 626 1785 ταῖς
665 1732 964 1797 κατηγορίαις
1002 1729 1083 1784 ἰδις
1121 1732 1401 1784 Διοπείθους
1439 1738 1756 1798 κατηγοροῦσι

238 1815 314 1864 καὶ
356 1813 473 1864 αὐτὰ
512 1820 660 1864 ταῦτα
705 1813 861 1879 λε’γειν
902 1813 1085 1866 αὐτούς.
1129 1815 1177 1864 τί
1215 1814 1308 1880 γὰρ
1347 1814 1521 1878 δήποτε
1560 1819 1626 1884 τῷ
1670 1814 1783 1878 μένὸ

239 1897 467 1964 Φιλίππῳ
505 1895 659 1946 πάντα
697 1895 860 1946 τᾶλλα
897 1900 1043 1946 ποιεῖν
1078 1895 1300 1963 ἐξουσίαν
1334 1896 1564 1958 δώσομεν,
1591 1894 1648 1946 ἂν
1673 1898 1757 1958 τῆς

828 1982 847 1991 Α

237 1981 455 2042 Ἀττικῆς
501 1979 744 2045 ἀπέχηται,
785 2001 850 2047 τερ
895 1982 1161 2029 ἔΔιοπείθει
1202 1981 1237 2028 δ’
1283 1979 1386 2029 οὐδὲ
1427 1982 1617 2043 βοηθεῖν
1661 1984 1756 2032 τοῖς

200 2080 223 2119 9
240 2064 427 2132 Θρᾳξὶν
452 2063 654 2131 ἐξέσται,
682 2061 710 2126 ὴ
737 2060 949 2126 πόλεμον
984 2067 1131 2113 ποιεῖν
1157 2062 1298 2114 αὐτὸν
1335 2062 1584 2131 φήσομεν;
1626 2062 1757 2113 ἀλλὰ

1301 2146 1313 2164 ἱ
1364 2145 1383 2173 h

238 2147 293 2211 νὴ
335 2148 446 2204 Δία,
492 2152 639 2197 ταῦτα
680 2145 764 2208 μὲν
810 2145 1151 2214 ἐξελέγχονται,
1193 2148 1320 2197 δεινα
1399 2153 1590 2198 ποιοῦσι
1631 2148 1668 2197 δ’
1715 2150 1756 2198 οἱ

294 2317 312 2337 ⁰
340 2314 492 2356 πόλεμον
511 2324 565 2357 pr.
588 2312 631 2346 Ο.
677 2312 877 2357 Legebatur
896 2314 955 2346 τὸν
974 2314 1138 2356 πόλεμον.
1250 2319 1265 2341 Ρ
1294 2314 1418 2357 χρόνον
1440 2313 1474 2347 S.
1503 2313 1612 2347 ἄλλον
1631 2315 1757 2358 χρόνον

239 2365 358 2411 vulgo.
497 2371 516 2397 q
536 2365 638 2410 ἡμᾶς]
662 2366 746 2408 ὑμᾶς
765 2366 808 2398 Y.
938 2371 953 2389 Γ
971 2366 1152 2410 πολεμεῖν]
1178 2367 1339 2409 πολεμεῖν
1358 2365 1475 2401 ἁπλῶς
1494 2366 1536 2400 Y.
1667 2371 1682 2391 ⁵
1703 2367 1755 2400 καὶ

239 2453 502 2497 ἀναγκαιότατον
521 2463 592 2486 om.
612 2451 647 2485 S.
737 2454 749 2477 ῑ
768 2450 971 2497 ἀμύνεσθαι]
997 2424 1182 2495 ἀμύνῖσθαι
1204 2452 1242 2486 F.
1273 2452 1464 2496 ἀμύνασθαι
1483 2453 1525 2486 Y.
1616 2458 1637 2477 Π
1656 2453 1750 2500 ἡμῖν]

239 2503 256 2532 ὑ

239 2546 317 2590 ἡμῖν
337 2546 377 2580 F.
409 2546 487 2590 ὑμῖν
509 2547 544 2580 S.
565 2558 636 2580 om.
658 2558 711 2591 pr.
734 2546 776 2580 Y.
922 2551 934 2565 λ
958 2546 986 2579 εἷ
1008 2546 1042 2579 S.
1064 2552 1099 2580 et
1118 2562 1172 2592 γρ.
1194 2547 1236 2580 Y.
1280 2547 1479 2593 Legebatur
1498 2548 1527 2582 εἰ
1545 2547 1602 2592 μή.
1649 2548 1753 2584 Conf.

238 2612 273 2645 p.
303 2610 384 2644 141,
409 2610 468 2633 21.
493 2606 579 2646 719,
608 2610 636 2632 Ι.
739 2605 757 2632 Y
777 2599 922 2643 λέγουσι
943 2599 979 2642 νὴ
1001 2598 1052 2633 Δί’
1072 2599 1131 2645 ὡς]
1156 2600 1356 2645 Legebatur
1375 2603 1519 2646 λέγουσι
1540 2601 1577 2644 νὴ
1599 2599 1662 2635 Δία
1682 2601 1754 2637 ἕως.

240 2652 387 2686 Con-exi
406 2664 448 2686 ex
471 2652 506 2685 S.
528 2652 588 2697 qui
608 2664 627 2685 a
646 2664 698 2697 pr.
718 2664 765 2685 m.
786 2652 909 2685 habuit
928 2651 1091 2697 λέγουσιν
1112 2653 1215 2693 ἰδίως,
1237 2654 1331 2698 quod
1354 2654 1390 2687 in
1410 2656 1553 2700 λέγουσι
1573 2654 1611 2698 νὴ
1631 2653 1675 2688 δι”
1695 2654 1755 2690 ἕως

238 2705 387 2739 mutavit
406 2717 531 2738 manus
550 2704 735 2738 recentior.
888 2710 906 2729 Ζ
932 2705 985 2738 καὶ
1005 2717 1025 2739 a
1044 2717 1091 2739 m.
1114 2717 1183 2740 rec.
1205 2706 1311 2742 habet
1333 2707 1368 2740 S.
1529 2713 1548 2732 a
1569 2707 1750 2752 Πειραιῶς]

239 2759 414 2804 πειραιέως
435 2758 469 2792 S.
503 2757 606 2792 Conf.
627 2770 662 2803 p.
681 2768 772 2803 430,
795 2755 830 2791 6.
852 2767 942 2802 431,
974 2768 981 2791 Ι
999 2769 1028 2792 1.
1184 2755 1204 2783 b
1225 2760 1242 2792 ὁ
1263 2771 1332 2794 om.
1357 2760 1393 2793 S.
1548 2765 1564 2785 0
1581 2759 1750 2805 πόλεμον]

238 2811 298 2844 τὸν
317 2812 468 2854 πόλεμον
487 2810 652 2845 F.O.u.v.
800 2808 815 2830 ‘¹
835 2810 940 2853 ταύτῃ
959 2822 1082 2856 margo
1103 2810 1147 2845 Ο.
1177 2811 1302 2855 ταύτην
1321 2813 1439 2847 ceteri.
1586 2818 1602 2837 e
1623 2813 1753 2857 ὑμῖν-

237 2895 382 2942 ἅπασιν]
403 2897 640 2940 ἡμῖν-πᾶσιν
660 2897 701 2931 Y.
788 2894 801 2923 f
818 2894 872 2943 ἃς]
898 2873 950 2931 ἔιςς
969 2897 1008 2931 F.
1039 2895 1091 2933 αἶς
1111 2897 1195 2932 O.u.
1280 2906 1302 2935 ἑξ
1322 2897 1510 2944 Διοπείθει]
1532 2899 1684 2942 διοπείθη
1706 2898 1748 2933 Ο.

240 2946 255 2968 '¹
275 2951 413 2982 ποιοῦσι
434 2949 462 2983 δ’
485 2950 520 2984 S.
570 2950 769 2995 Legebatur
788 2950 823 2984 δὲ
843 2952 1014 2985 ποιοῦσιν.

1872 1316 1882 1603 ἔ
