1882 3250
261 145 317 184 14
810 147 1237 187 ΔΗΜΟΣΘΕΝΟΤΣ
1553 147 1634 188 On.
1659 147 1696 189 1.
1716 161 1755 202 p.
1776 160 1840 200 11,

259 256 415 322 ἔμοιγε
445 260 573 309 δοκεῖ
605 280 675 312 τις
709 257 780 320 ἂν,
806 254 844 308 ῶ
868 257 1031 324 ἄνδρες
1055 259 1314 323 Ἀθηναῖοι,
1343 259 1517 313 δίκαιος
1542 259 1775 325 λογιστὴς·

259 345 354 391 τῶν
389 340 520 407 παρὰ
555 345 651 391 τῶν
693 345 813 392 θεῶν
852 341 961 404 ἡμῖν
998 353 1022 389 g
1030 343 1338 408 ὑπηργμένων
1377 342 1632 406 καταστὰς,
1676 344 1773 394 κοιί-
1791 365 1840 396 12
1879 403 1882 406 Α

258 447 348 490 περ
378 425 460 474 οὐκ
498 423 702 491 ἐχόντων
728 425 790 477 ὡς
828 425 899 474 δεῖ
932 429 1146 486 πολλῶν,
1174 424 1299 488 ὅμως
1332 425 1547 490 μεγάλην
1573 425 1630 476 ἂν
1655 426 1776 493 ἔχειν
1878 411 1879 416 ¹

195 508 415 562 Παύτοΐς
452 506 603 575 χάριν.
646 507 845 561 εἰκότως·
885 505 940 558 τὸ
971 506 1057 570 μὲν
1095 506 1187 574 γὰρ
1223 507 1388 559 πολλὰ
1424 509 1777 560 ἀπολωλεκέναι

417 590 529 644 11τὸν
567 591 777 655 πόλεμον
816 594 900 655 τῆς
939 592 1164 658 ἡμετέρας
1204 593 1423 656 ἀμελείας
1464 593 1522 643 ἀν
1561 615 1632 647 τις
1677 594 1806 658 θείη5

258 591 379 644 κατὰ

258 677 456 739 δικαίως,
495 674 549 727 τὸ
589 674 637 726 δὲ
677 674 792 739 μήτε
831 675 982 726 πάλαι
1022 682 1162 727 τοῦτο
1203 677 1484 727 πεπονθέναι
1517 677 1778 745 πεφηνέναι

259 759 338 810 ἰτέ
368 782 473 810 τινα
506 757 639 823 Ᾰὴμῖν
664 759 942 826 συμμαχίαν
975 759 1154 809 τούτων
1180 760 1474 827 ἀντίρροπον,
1501 758 1559 810 ἂν
1593 759 1779 821 βουλώ-

256 847 378 907 μεθα
420 846 643 910 χρῆσθαι,
682 845 765 906 τῆς
810 843 918 908 παρ’
958 843 1142 893 ἐκείνων
1187 844 1364 896 εὐνοίας
1409 843 1671 909 εὐεργέτημ’
1721 841 1779 893 ἂν

256 927 407 992 ε”γωγε
444 927 588 990 θείην.
631 928 760 987 ἀλλ’,
787 924 926 989 οἶμαι,
952 925 1212 992 παρόμοιόν
1250 929 1395 989 ἐστιν,
1422 927 1536 992 ὅπερ
1572 929 1648 978 καὶ
1673 929 1779 993 περὶ

256 1013 339 1074 τῆς
381 1015 476 1061 τῶν
520 1008 775 1076 χρημάτων
818 1008 1040 1072 κτήσεως’
1093 1008 1152 1060 ἀν
1195 1008 1280 1073 μὲν
1319 1009 1427 1075 γὰρ,
1469 1010 1564 1061 ὅσα
1605 1010 1663 1060 ἄν
1708 1032 1775 1063 τις
1795 1031 1830 1052 ¹0
1868 1024 1871 1059 7

256 1092 401 1161 λάβῃ,
439 1094 513 1144 καὶ
551 1092 708 1159 σώσῃ,
744 1091 959 1158 μεγάλην
998 1092 1090 1159 ἔχει
1130 1097 1188 1161 τῇ
1225 1093 1343 1161 τύχῃ
1375 1092 1461 1158 τὴν
1496 1093 1651 1161 χάριν,
1688 1091 1777 1144 Κᾶν
1868 1085 1870 1090 V

255 1178 294 1228 δ’
322 1176 578 1230 ἀναλώσας
604 1175 743 1244 λάθῃ,
771 1175 1103 1227 1συνανάλωσε
1141 1179 1215 1227 καὶ
1249 1176 1341 1228 ωτὸ
1369 1185 1388 1203 ¹¹
1397 1180 1667 1241 μεμνῆσθαι
1692 1176 1778 1241 τὴν

190 1284 240 1315 12
253 1260 407 1328 χάριν.
451 1262 527 1311 καὶ
552 1261 658 1325 περὶ
684 1264 779 1310 τῶν
803 1258 1098 1325 πραγμάτων
1124 1261 1268 1314 οὕτως
1307 1264 1349 1311 οὶ
1383 1260 1448 1324 μὴ
1483 1260 1776 1327 χρησάμενοι

253 1349 349 1397 τοῖς
375 1348 550 1410 καιροῖς
578 1345 742 1408 ὀρθῶς,
769 1343 862 1393 οὐδ’
891 1347 927 1392 εἰ
954 1342 1133 1407 συνέβη
1159 1366 1204 1393 τι
1234 1343 1364 1409 παρὰ
1390 1348 1484 1394 τῶν
1511 1347 1629 1394 θεῶν
1654 1366 1770 1410 χρη·
1794 1364 1828 1395 ¹5

252 1427 386 1490 στὸν,
413 1427 776 1491 μνημονεύουσι·
819 1424 937 1492 πρὸς
968 1425 1061 1492 γὰρ
1101 1427 1154 1476 τὸ
1195 1431 1462 1477 τελευταῖον
1497 1425 1642 1487 ἐκβὰν
1675 1429 1778 1477 ἕκα-
1864 1418 1865 1422 ¹

252 1535 372 1564 στον
397 1517 492 1562 τῶν
514 1509 953 1578 οπροϋπαρξάντων
979 1508 1099 1577 Ρ[ὠς
1138 1509 1198 1560 τὰ
1223 1509 1416 1581 πολλὰ]
1447 1511 1664 1576 κρίνεται.
1708 1509 1779 1561 διὸ

253 1598 329 1647 καὶ
363 1594 558 1665 σφόδρα
597 1598 669 1645 δεῖ
706 1599 800 1645 τῶν
842 1597 1024 1644 λοιπῶν
1065 1594 1226 1657 (ῖὴμᾶς,
1271 1592 1308 1643 ῶ
1341 1595 1504 1660 ἄνδρες
1536 1595 1780 1658 Ἀθηναῖοι,

254 1681 549 1749 Γφροντίσαι,
578 1681 654 1731 ἵνα
691 1679 819 1729 ταῦτ’
847 1677 1291 1743 ἐπανορθωσάμενοι
1329 1676 1415 1741 τὴν
1448 1680 1522 1728 ἐπὶ
1554 1683 1650 1732 τοῖς
1688 1701 1776 1729 πε·
1860 1733 1861 1738 ¹

252 1763 539 1830 πραγμένοις
575 1762 768 1831 ἀδοξίαν
800 1761 1191 1829 ἀποτριψώμεθα.
1235 1765 1271 1812 εἰ
1309 1761 1357 1811 δὲ
1390 1761 1714 1827 προησόμεθα,
1741 1759 1832 1812 <320
1858 1826 1859 1830 Ἰ

252 1847 415 1914 ἄνδρες
440 1849 697 1910 Ἀθηναῖοι,
725 1848 800 1896 καὶ
827 1844 1018 1897 τούτους
1044 1843 1151 1897 τοὺς
1178 1844 1467 1910 ἀνθρώπους,
1494 1843 1570 1895 εἶτ’
1592 1842 1777 1896 ”Ολυν-
1856 1838 1860 1843 “

252 1934 338 1981 θον
373 1933 541 1984 ἐκεῖνος
578 1929 973 1998 καταστρέψεται,
1010 1927 1245 1994 φρασάτω
1271 1950 1340 1980 τις
1376 1929 1476 1990 ἐμοὶ
1511 1929 1559 1978 τί
1592 1927 1646 1978 τὸ
1687 1950 1778 1979 κω-

189 2027 238 2069 Ῑ3
253 2020 371 2065 λῦον
413 2015 471 2065 ἔτ’
513 2014 655 2065 αὑτὸν
701 2013 835 2064 ἔσται
880 2010 1082 2076 βαδίζειν
1126 2010 1232 2062 ὅποι
1275 2010 1512 2073 βούλεται.
1565 2009 1657 2078 ἆρά
1701 2023 1778 2077 5γε

253 2098 490 2164 λογίζεταί
523 2121 592 2151 τις
629 2099 772 2159 ὑμῶν,
809 2093 846 2146 ῶ
885 2096 1050 2162 ἄνδρες
1085 2096 1341 2159 Ἀθηναῖοι,
1379 2097 1456 2146 καὶ
1495 2099 1660 2161 θεωρεῖ
1696 2094 1778 2146 τὸν

252 2180 428 2248 τρόπον
466 2183 544 2232 ἴδι’
582 2181 634 2232 ὃν
671 2181 817 2245 μέγας
850 2179 1042 2244 γέγονεν
1075 2178 1278 2243 ἀσθενὴς
1313 2179 1376 2230 ὢν
1411 2178 1465 2230 τὸ
1501 2180 1598 2230 κατ’
1627 2177 1777 2247 ἀρχὰς
1789 2211 1826 2242 25

309 2364 329 2393 g
359 2354 596 2401 ὑπηργμένων]
628 2353 884 2399 ὑπηρετημένων
911 2354 952 2387 B.
983 2353 1034 2393 (iu
1064 2365 1133 2399 quo
1153 2367 1208 2398 γρ.
1234 2351 1469 2397 ὑπηργμένων)
1496 2351 1577 2387 RS.
1606 2351 1777 2397 ὑπηργμέ-

255 2424 320 2444 νων
339 2410 375 2443 in
404 2410 438 2443 S.
465 2408 648 2454 adscripsit
674 2420 720 2441 111.
741 2407 925 2441 recentior.
1038 2404 1058 2430 h
1077 2407 1138 2440 τὸν
1157 2418 1228 2441 om.
1252 2406 1287 2439 S.
1372 2403 1378 2425 i
1400 2404 1453 2450 τε]
1479 2405 1515 2438 δέ
1536 2405 1577 2438 Y.
1671 2402 1681 2439 j
1702 2404 1780 2448 ἡμῖν

254 2475 324 2497 om.
347 2463 432 2498 O.u.
536 2458 556 2486 k
575 2460 616 2495 ἂν
636 2460 822 2506 δ’-χάριν
841 2472 910 2494 om.
932 2471 982 2505 pr.
1005 2459 1048 2494 Y.
1145 2456 1154 2483 l
1176 2457 1418 2504 συνανάλωσε]
1442 2457 1665 2501 συνανήλωσε
1685 2457 1721 2491 S.
1742 2457 1777 2491 in

1008 2513 1027 2539 ά

253 2571 385 2600 rasura,
406 2558 643 2605 superscripto
663 2572 682 2590 α
702 2569 722 2590 a
741 2568 789 2590 m.
812 2567 879 2590 rec.
901 2557 1124 2598 συνανηλωσε
1147 2554 1238 2588 B.O.
1386 2559 1416 2578 1¹¹
1437 2553 1495 2599 τὸ]
1523 2552 1580 2586 Sic
1599 2564 1653 2598 pr.
1677 2552 1713 2588 S.
1735 2564 1778 2587 ex

381 2617 393 2633 0

255 2657 325 2690 quo
345 2648 392 2678 τῶ
410 2644 554 2679 factum.
673 2648 692 2667 Π
712 2640 919 2687 μεμνῆσθαι]
942 2641 1135 2684 μεμνῆσθαι
1154 2642 1194 2683 τῇ
1215 2639 1302 2684 τύχῃ
1326 2638 1578 2673 B.F.Y.O.u.V.
1599 2644 1639 2672 ut
1658 2638 1776 2684 vulgo,

255 2705 291 2733 et
308 2714 364 2744 γρ.
387 2699 422 2732 S.
533 2703 551 2722 0
573 2693 881 2742 προϋπαρξάντων]
905 2695 984 2739 πρὶν
1005 2694 1224 2739 ὑπαρξάντων
1247 2694 1283 2727 S.
1315 2692 1537 2737 ὑπαρξάντων
1556 2691 1598 2725 Y.
1694 2696 1713 2724 Ρ
1734 2690 1779 2726 ὣς·

255 2752 297 2785 τὰ
321 2753 437 2785 πολλὰ
463 2763 532 2785 om.
562 2750 729 2796 Syrianus
754 2749 790 2782 in
806 2747 929 2782 Walzii
950 2748 1054 2781 Rhet.
1076 2747 1143 2780 vol.
1165 2758 1201 2791 4.
1231 2758 1265 2792 p.
1291 2744 1378 2792 758.
1400 2751 1435 2779 et
1454 2757 1559 2779 anon.
1580 2744 1626 2778 ib.
1646 2744 1714 2778 vol.
1740 2751 1776 2790 7,

257 2817 290 2850 p.
305 2803 395 2851 365.
425 2805 537 2850 Super
552 2803 696 2848 κρίνεται
713 2802 880 2847 scriptum
893 2801 1025 2834 habent
1039 2799 1083 2835 B.
1102 2805 1136 2834 et
1151 2811 1171 2834 a
1185 2812 1232 2833 111.
1248 2798 1489 2888 recentgssima
1505 2798 1543 2832 S.
1631 2803 1653 2830 q
1671 2796 1773 2843 ἡμᾶς]

1093 2861 1145 2880 σαί
1380 2861 1424 2879 ew

256 2901 339 2944 ὑμᾶς
362 2899 604 2934 B.F.S.O.u.V.
689 2905 702 2923 Γ
722 2896 924 2942 φροντίσαι]
947 2896 1141 2941 φροντίζειν
1163 2895 1202 2929 Β.
1233 2893 1418 2940 φροντίσαι
1439 2893 1478 2927 F.
1565 2899 1576 2917 >²
1599 2907 1638 2938 ’γε
1658 2903 1716 2926 om
1738 2891 1773 2926 S.

258 2957 267 2977 ¹
288 2953 329 2987 δι’
349 2952 405 2998 ὃν]
432 2951 474 2987 δι’
493 2952 532 2986 οὗ
551 2954 613 2992 Aa,
635 2952 744 2985 altero
765 2949 1013 2995 superscripto.

1830 3050 1841 3250 *ν’-*νιος-
1834 3016 1839 3042 .-
