1930 3266
48 199 143 252 268,
160 215 212 241 22.
568 203 694 241 ΠΕΡΙ
725 202 836 240 ΤΟΥ
865 201 1172 238 ΣΤΕΦΑΝΟΎ.
1545 196 1621 235 9281

169 311 307 364 φάνων
333 315 560 352 ἱὶποιεῖσθαι
591 313 634 352 ἐν
662 312 790 353 αὐτοῖς
818 309 1036 352 ὓὲκάστους
1062 314 1143 351 τοῖς
1174 310 1282 351 ἰδίοις
1311 308 1454 358 δήμοις,
1480 309 1549 347 ἐὰν
1576 307 1627 358 μή
1642 326 1678 356 25

169 396 277 422 τινας
304 381 324 419 ὁ
356 382 472 429 δῆμος
501 381 521 419 ὁ
552 383 629 419 τῶν
657 378 876 430 Ἀθηναίων
903 376 926 428 ἢ
954 379 976 428 ἡ
1005 377 1134 428 βουλὴ
1164 380 1370 428 στεφανοῖ·
1409 376 1566 416 τούτους
1594 374 1624 414 δ’

171 446 317 497 ἐξεῖναι
339 449 381 487 ἐν
401 450 452 502 τῷ
475 447 621 501 θεάτρῳ
645 447 869 488 Διονυσίοις
890 445 1233 496 οᾶναγορεύεσθαι.

20 526 98 578 ¹56
188 525 409 587 Ἀκούεις,
449 525 667 591 Αἷσχινη,
706 529 789 574 τοῦ
833 523 974 585 νόμου
1012 522 1234 587 λε’γοντος
1273 524 1457 586 σαφῶς,
1496 519 1626 583 πλὴν

109 608 189 660 εἀν
226 631 353 662 τινας
394 609 418 658 ὁ
458 611 601 671 δῆμος
638 607 667 672 ἢ
706 608 734 671 ἡ
772 606 925 670 βουλὴ
964 604 1291 674 ἀψηφίσηται·
1346 605 1535 655 τούτους
1577 603 1625 653 δὲ
1642 610 1720 649 268

109 692 442 758 ἀναγορευετω.
497 693 546 742 τί
574 693 667 752 οὖν,
695 689 732 740 ὠ
765 691 1047 754 ταλαίπωρε,
1075 691 1414 786 συκοφαντεΐςς
1465 687 1513 736 τί
1543 685 1626 736 λό-

108 798 220 840 γους
246 774 521 828 Επλαττεις·
512 816 522 835 ,
564 775 613 825 τί
643 797 820 824 σαυτον
855 774 936 823 οὐκ
971 769 1328 837 ἐλλεβορίζεις
1307 773 1380 819 επὶ
1413 768 1622 829 τούτοιςς

109 861 218 910 ἀλλ’
248 860 342 910 οὐδ’
370 858 599 925 ΐαίσχύνει
632 857 810 927 φθόνου
844 859 974 920 δίκην
1002 854 1246 920 ἕεὶσάγων,
1274 854 1357 903 οὐκ
1389 851 1619 916 ἀδικήμα-

107 966 188 996 τος
204 942 428 1005 ὴοὺδενὸς,
450 945 526 993 καὶ
553 941 720 1005 νόμους
742 940 867 994 ἱτοὺς
893 940 977 1004 μὲν
1002 943 1279 1004 μεταποιῶν,
1300 942 1393 987 τῶν
1421 939 1459 987 δ’
1481 939 1622 1005 ἀφαι-
1637 964 1653 994 5

107 1030 203 1092 ρῶν
235 1026 365 1092 με’ρη,
393 1025 471 1078 οὓς
497 1026 636 1079 ὅλους
663 1026 838 1075 δίκαιον
871 1023 927 1087 ἧν
960 1021 1405 1086 ἀναγιγνώσκεσθαι
1442 1025 1537 1073 τοῖς
1569 1043 1622 1085 γε

18 1128 92 1171 157
109 1108 380 1173 ὀμωμοκόσι
417 1109 536 1160 κατὰ
566 1108 672 1162 τοὺς
707 1108 875 1170 νόμους
907 1106 1261 1174 Ι(ψηφιεῖσθαις
1303 1103 1487 1154 1ἔπειτα
1521 1127 1618 1154 τοι-

107 1199 226 1243 αῦτα
250 1198 397 1244 ποιῶν
421 1193 613 1258 ΙΙ’λε’γεις
639 1190 698 1242 Πᾶ
724 1196 794 1242 δεῖ
821 1197 1066 1255 προσεῖναι
1092 1194 1157 1258 τῷ
1186 1192 1432 1257 δημοτικῷ,
1460 1188 1622 1253 ὥσπερ

106 1276 358 1343 ἀνδριάντα
396 1275 656 1330 ἐκδεδωκὼς
701 1275 819 1327 κατὰ
865 1273 1168 1341 συγγραφὴν,
1207 1271 1287 1323 εἶτ’
1329 1274 1410 1322 οὐκ
1455 1273 1621 1339 ἔχοντα
1638 1300 1675 1320 ιο

106 1358 136 1411 ἃ
183 1363 425 1427 προσῆκεν
468 1362 518 1410 ἐκ
563 1363 644 1423 τῆς
689 1362 1008 1427 Οσυγγραφῆς
1061 1356 1369 1421 κομιζόμενος,
1415 1355 1443 1420 ἢ
1491 1357 1621 1424 λόγῳ

104 1443 210 1498 τοὺς
249 1443 537 1508 δημοτικοὺς,
574 1447 687 1494 ἀλλ’
722 1445 774 1494 οὐ
813 1448 908 1496 τοῖς
946 1441 1199 1509 πράγμασι
1238 1443 1312 1491 καὶ
1351 1445 1445 1493 τοῖς
1484 1448 1622 1491 πολι-

102 1527 301 1592 τεύμασι
346 1527 803 1594 Ργιγνωσκομένους.
863 1528 936 1577 καὶ
987 1529 1104 1593 βοᾷς
1149 1525 1268 1591 ῥητὰ
1315 1526 1389 1574 καὶ
1442 1524 1621 1589 ἄρρητα

103 1610 353 1677 ὀνομάζων,
400 1610 563 1678 ὥσπερ
609 1611 664 1680 ἐξ
703 1611 900 1679 ἁμάξης,
945 1608 975 1660 ἃ
1019 1611 1098 1660 σοὶ
1144 1611 1218 1659 καὶ
1264 1612 1329 1676 τῷ
1380 1613 1454 1676 σῷ
1499 1608 1621 1673 γένει

14 1694 379 1762 ῐ58πρόσεστιν,
406 1697 488 1746 οὐκ
520 1697 635 1758 ἐμοί.
693 1697 839 1746 καίτοι
870 1697 975 1745 (1καῖ
1014 1699 1165 1754 τοῦτο,
1199 1691 1235 1742 ὦ
1270 1693 1430 1757 ἄνδρες
1466 1693 1612 1756 Ἀθη·
1636 1717 1671 1747 15

102 1784 236 1833 ναῖοι.
290 1777 382 1845 ε’γώ
414 1780 653 1846 λοιδορίαν
686 1778 967 1844 κατηγορίας
993 1777 1172 1845 Γτούτῳ
1206 1776 1439 1844 διαφέρειν
1471 1777 1613 1840 ἡγοῦ-

101 1885 199 1926 μαι,
233 1866 301 1931 τῷ
335 1862 421 1926 τὴν
458 1862 541 1926 μὲν
580 1863 865 1928 κατηγορίαν
903 1859 1144 1924 ἀδικήματ’
1179 1860 1312 1927 ἔχειν,
1345 1856 1408 1909 ὧν
1442 1861 1489 1909 ἐν
1523 1865 1619 1912 τοῖς

104 1945 260 2009 νόμοις
292 1968 412 1996 εισιν
445 1950 520 1996 5αἱ
558 1946 784 2012 τιμωρίαι,
811 1944 896 2008 τὴν
932 1943 980 1994 δὲ
1016 1944 1252 2009 λοιδορίαν
1287 1943 1618 2009 βλασφημίας,

100 2028 186 2082 *ἃς
224 2028 343 2080 κατὰ
379 2028 464 2093 τὴν
502 2031 655 2080 αὑτῶν
693 2028 842 2097 φύσιν
879 2032 974 2080 τοῖς
1017 2029 1200 2093 ἐχθροῖς
1241 2049 1347 2091 περι
1386 2025 1616 2088 ἀλλήλων

101 2114 351 2177 συμβαινει
383 2113 551 2178 λεγειν.
604 2115 909 2176 οἰκοδομῆσαι
943 2110 990 2161 δε
1022 2133 1128 2163 τους
1153 2109 1448 2175 11προγόνους
1484 2132 1671 2160 ταυτιεο

99 2195 159 2248 τὰ
191 2195 470 2263 δικαστήρια
509 2198 749 2265 ὑπείληφα
788 2197 874 2262 οὐχ
909 2195 984 2245 ἵνα
1020 2193 1342 2261 συλλέξαντες
1373 2201 1391 2219 ⁸
1411 2195 1527 2256 ὑμᾶς
1555 2198 1616 2247 εἰς

100 2285 247 2333 ταῦτα
298 2279 392 2334 ἀπὸ
443 2284 538 2330 τῶν
594 2280 722 2330 ἰδίων
778 2283 930 2331 κακῶς
985 2276 1044 2328 τὰ
1100 2277 1344 2342 ἀπόρρητα
1402 2278 1615 2342 λέγωμεν

154 2464 174 2485 ⁸
191 2459 380 2506 ποιεῖσθαι]
403 2458 557 2493 ποιεῖσθε
578 2459 612 2492 S.
714 2454 735 2483 b
755 2458 935 2504 ἑκάστους]
961 2458 1115 2493 ἑκάστοις
1137 2457 1180 2491 Ο.
1292 2463 1307 2481 ⁰
1327 2457 1609 2503 ἀναγορεύεσθαι]

100 2513 222 2558 ἐξειναι
246 2514 345 2547 εσθαι
372 2513 491 2548 S.Y.v.
536 2511 795 2557 στεφανοῦσθαι
819 2511 932 2546 O.t.u.
956 2512 991 2545 in
1016 2512 1062 2550 Q.
1088 2512 1213 2545 lacuna
1237 2518 1301 2551 est,
1327 2511 1363 2543 in
1388 2511 1415 2543 F
1421 2523 1459 2544 .1·.
1486 2511 1610 2545 liturae.

100 2562 122 2591 d
138 2564 356 2612 ψηφίσηται]
381 2566 646 2611 στεφανώσηται
665 2570 727 2599 LV.
749 2570 784 2599 et
802 2579 858 2610 γρ.
882 2565 1040 2603 F.S.Q.r.
1165 2570 1180 2588 θ
1200 2564 1378 2609 πλάττεις]
1404 2564 1562 2608 πράττεις
1582 2576 1610 2597 s.

99 2615 117 2644 f
132 2618 304 2665 αἰσχύνει]
330 2619 552 2653 scribebatur
571 2617 730 2663 αἰσχύνῃ.
840 2623 859 2651 g
880 2617 1043 2664 εἰσάγων]
1070 2617 1218 2662 εἰσάγειν
1240 2617 1323 2655 S.Q.
1436 2613 1454 2642 h
1476 2617 1613 2651 οὐδενὸς

101 2671 377 2718 F.S.Y.Q.p.t.v.
407 2673 543 2707 οὐδενὸς
562 2673 682 2712 λαβεῖν
701 2670 863 2716 τιμωρίαν
881 2671 1000 2716 vulgo.
1101 2667 1110 2694 i
1130 2671 1208 2704 τοὺς
1227 2671 1288 2712 μὲν
1308 2682 1327 2703 a
1346 2682 1393 2703 m.
1417 2681 1484 2703 sec.
1505 2669 1611 2703 habet

102 2725 139 2759 S.
246 2722 268 2750 k
286 2725 514 2772 ψηφιεῖσθαι]
539 2725 734 2771 ψηφιεισθε
756 2724 792 2758 S.
909 2720 920 2748 Ῑ
940 2723 1069 2768 ἔπειτα]
1092 2724 1208 2756 ἔπειτα
1228 2723 1273 2756 σὺ
1295 2722 1508 2768 O.p.r.s.t.u.
1539 2719 1610 2755 εἶτα

101 2777 148 2812 σὺ
165 2778 247 2813 A.k.
329 2785 359 2803 ¹1¹
378 2778 507 2825 λέγεις]
531 2779 626 2824 λέγει
643 2789 696 2823 pr.
717 2777 752 2811 S.
841 2782 861 2800 Π
881 2776 901 2810 ἃ
921 2776 987 2822 δεῖ]
1011 2777 1095 2821 πρὸς
1115 2776 1135 2809 ἂ
1155 2777 1206 2810 δεῖ
1227 2776 1260 2809 S.
1345 2781 1363 2800 0
1384 2775 1605 2821 συγγραφῆς]

99 2833 235 2877 γραφῆς
255 2844 282 2866 s.
409 2837 429 2866 P
447 2830 756 2878 γιγνωσκομένους]
780 2829 1007 2876 γιγνωμένους
1028 2829 1074 2864 Ο.
1212 2834 1231 2861 <l
1251 2830 1302 2862 καὶ
1322 2828 1439 2874 τοῦτο]
1465 2829 1517 2862 καὶ
1537 2840 1607 2863 om.

99 2884 179 2918 A.k.
200 2889 236 2919 et
253 2897 305 2931 pr.
328 2885 365 2920 S.
385 2885 422 2919 in
440 2899 496 2931 γρ.
517 2885 622 2919 habet
643 2897 669 2918 s.
766 2889 782 2908 ¹·
800 2882 926 2929 τούτῳ]
950 2885 1052 2916 τοῦτο
1073 2882 1117 2916 Ο.
1215 2887 1228 2906 S
1250 2883 1283 2915 αἱ
1303 2894 1372 2916 om.
1395 2882 1437 2915 Y.
1538 2880 1552 2905 t
1571 2881 1610 2917 ἃς

100 2948 169 2972 om.
189 2938 230 2972 A.
303 2944 324 2964 Π
343 2937 549 2985 προγόνους]
572 2939 761 2984 προγόνους
779 2936 872 2980 ὑμῶν
890 2935 1011 2975 Α,.Ο.8.
1041 2937 1231 2982 προγόνους
1250 2935 1342 2978 ἡμῶν
1361 2936 1396 2968 k.
1464 2940 1484 2959 Χ
1505 2934 1605 2980 ὑμᾶς]

98 2989 183 3037 ἡμᾶς
199 3002 265 3037 p.r.

157 3065 254 3092 VOL.
277 3066 307 3092 1.
822 3065 846 3090 Ο
867 3065 892 3090 Ο
