1903 3271
241 176 325 215 428
784 182 1211 220 ΔΗΜΟΣΘΕΝΟΎΣ
1343 180 1426 219 On.
1444 179 1583 219 XIX.
1607 194 1647 234 p.
1664 192 1764 232 405,
1782 194 1822 219 Ως

243 285 409 340 ὁσάκις
436 288 580 354 λόγος
600 289 761 354 γέγονε
788 296 893 356 περὶ
918 291 1111 354 τούτων,
1134 294 1209 341 καὶ
1229 297 1600 357 κατηγοροῦντος
1620 289 1759 341 ἀκού-

244 371 322 420 ετέ
353 394 444 432 μου
482 375 557 422 καὶ
595 374 871 440 ἐλέγχοντος
912 377 979 424 ἀεὶ
1020 375 1210 427 τούτους
1250 377 1325 425 καὶ
1361 376 1584 439 λε’γοντος
1625 374 1753 424 ἄντι-

245 477 354 520 κρυς
396 455 466 505 ὅτι
510 455 529 481 k
540 456 739 523 χρήματ’
781 458 1010 524 εἰλήφασι
1054 461 1129 508 καὶ
1170 457 1326 508 πάντα
1365 457 1655 523 1πεπράκασι
1700 456 1761 507 τὰ

244 537 503 602 πράγματα
532 542 614 601 τῆς
647 539 843 593 πόλεως.
887 544 961 590 καὶ
987 540 1164 591 τούτων
1189 542 1334 593 οὐδεὶς
1371 541 1549 591 πώποτ’
1579 540 1760 590 ἁκούων
1774 566 1810 596 25

244 621 372 670 ταῦτ’
401 623 612 671 ἀντεῖπεν
651 623 753 673 οὐδὲ
793 625 917 688 διῆρε
955 622 1009 673 τὸ
1042 622 1214 685 στόμα,
1249 624 1341 673 οὐδ’
1371 623 1543 691 ἔδειξεν
1578 622 1755 673 ἑαυτόν.

148 723 231 766 230
244 703 291 751 τί
313 705 415 753 ποτ’
444 705 525 753 οὖν
551 707 653 754 ἐστὶ
679 705 731 754 τὸ
759 706 905 756 αἴτιον
931 706 1001 756 ὅτι
1027 710 1068 756 οὶ
1095 707 1443 771 βδελυρώτατοι
1477 710 1608 756 1“τῶν
1633 708 1680 755 ἐν
1705 709 1764 772 τῇ

242 785 379 836 πόλει
427 790 502 836 καὶ
548 788 774 852 μέγιστον
823 789 1139 854 φθεγγόμενοι
1187 797 1269 840 τοῦ
1314 793 1389 840 καὶ
1437 788 1762 851 ἀτολμοτάτου

243 867 434 919 πάντων
480 872 591 932 ἐμοῦ
632 873 705 921 καὶ
746 872 928 924 οὐδενὸς
971 874 1124 938 μεῖζον
1167 874 1495 940 φθεγγομένου
1534 877 1859 930 τοσοῦτον406

245 958 265 977 ¹¹
281 952 510 1015 ἡττῶνται
533 975 544 1015 3
591 954 660 1004 ὅτι
688 955 892 1018 τάληθὲς
918 957 1156 1022 Οἰσχυρὸν,
1178 960 1250 1007 καὶ
1277 957 1546 1006 τούναντίον
1571 955 1765 1009 ἀσθενὲς

245 1033 299 1084 τὸ
345 1035 602 1085 συνειδέναι
653 1036 949 1102 πεπρακόσιν
995 1040 1149 1091 αὑτοῖς
1195 1038 1254 1089 τὰ
1299 1038 1571 1103 πράγματα.
1628 1044 1766 1089 τοῦτο

245 1123 537 1183 παραιρεῖται
563 1119 648 1183 τὴν
675 1120 952 1185 θρασύτητα
978 1121 1063 1185 τὴν
1088 1123 1279 1184 τούτων,
1300 1128 1425 1172 τοῦτ’
1449 1123 1766 1191 Ράποστρέφει

245 1200 331 1264 τὴν
362 1207 597 1266 γλῶτταν,
638 1203 892 1270 ἐμφράττει
930 1203 984 1254 τὸ
1019 1205 1191 1269 στόμα,
1223 1206 1372 1272 ἄγχει,
1407 1210 1595 1255 σιωπᾶν
1627 1210 1759 1256 ποιεῖ.
1779 1224 1795 1255 5

153 1303 226 1343 231
248 1283 302 1335 τὸ
328 1287 484 1336 τοίνυν
510 1292 774 1337 τελευταῖον
802 1288 904 1338 ἰ’στε
930 1289 1080 1352 δήπου
1105 1290 1268 1355 πρώην
1288 1292 1335 1340 ἐν
1357 1294 1576 1355 Πειραιεῖ,
1604 1289 1667 1339 ὅτ’
1687 1291 1767 1340 αὐ-

248 1366 331 1418 τὸν
357 1370 438 1418 οὐκ
471 1374 591 1419 εἰᾶτε
629 1371 921 1435 πρεσβεύειν,
949 1377 1138 1432 βοῶντα
1168 1376 1230 1427 ὡς·
1269 1378 1573 1438 Ἷεὶσαγγελεῖ
1600 1396 1657 1435 με
1692 1375 1768 1423 καὶ

249 1451 488 1520 γράψεται
532 1456 639 1504 Γκαὶ
686 1453 755 1504 ἰοὺ
798 1454 881 1505 ἰού.
927 1457 1075 1506 καίτοι
1116 1462 1263 1507 ταῦτα
1303 1457 1388 1520 μέν
1433 1459 1535 1507 ἐστι
1575 1461 1768 1521 μακρῶν

247 1538 323 1586 καὶ
369 1542 570 1588 πολλῶν
615 1540 811 1603 ἀγώνων
854 1542 927 1589 καὶ
967 1538 1127 1605 λόγων
1168 1539 1305 1607 ἀρχὴ,
1349 1542 1497 1590 ἐκεῖνα
1541 1539 1590 1590 δὲ
1635 1541 1769 1590 ἁπλᾶ
1784 1563 1824 1585 ¹0

249 1623 325 1670 καὶ
369 1620 438 1670 δύ’
485 1619 513 1684 ἢ
559 1623 664 1687 τρία
711 1623 827 1675 ἰ’σως
866 1622 1067 1688 ῥήματα,
1113 1623 1144 1673 ἂ
1186 1622 1273 1673 κᾶν
1314 1622 1477 1690 Ξέχθὲς
1514 1622 1769 1687 ἐωνημένος

251 1704 497 1769 ἅνθρωπος
530 1710 671 1756 εἰπεῖν
706 1707 955 1770 ῗήδυνήθη,
994 1708 1229 1773 6611ἄνδρες
1267 1711 1521 1772 Ἀθηναῖοι,
1546 1710 1674 1758 τουτὶ
1715 1705 1770 1757 τὸ

251 1795 278 1816 “
305 1793 536 1853 Χπροῖγμα
599 1790 845 1841 πάνδεινόν
901 1793 1048 1841 ἐστιν·
1116 1793 1278 1842 οὑτοσὶ
1332 1796 1583 1856 κατηγορεῖ
1641 1791 1769 1841 ταῦτ’

251 1878 278 1900 “
305 1873 416 1934 ἐμοῦ
451 1871 515 1922 ῶν
547 1873 685 1926 αὐτὸς
725 1874 942 1927 κοινωνὸς
978 1873 1155 1939 γέγονε,
1193 1877 1267 1925 καὶ
1302 1873 1500 1941 χρήματ’
1531 1874 1770 1942 εἰληφέναι

157 1962 279 2011 232“
306 1958 458 2023 φησὶν
483 1957 561 2020 ἐμὲ
600 1957 738 2011 αὐτὸς
773 1957 979 2026 εἰληφὼς
1016 1957 1070 2022 )’ἢ
1097 1958 1431 2025 μετειληφώς.”
1472 1957 1650 2008 τούτων
1685 1957 1822 2021 μὲνι5

252 2041 406 2090 τοίνυν
447 2041 578 2091 οὐδὲν
621 2039 782 2092 Ζεἶπεν
823 2043 918 2092 οὐδ’
947 2042 1228 2109 ἐφθέγξατο,
1270 2043 1366 2105 οὐδ’
1406 2042 1608 2106 ἤκουσεν
1643 2043 1772 2104 ὑμῶν

253 2126 413 2187 οὐδεὶς,
454 2126 621 2175 “ἄλλα
666 2125 708 2176 δ’
752 2126 945 2190 ἠπείλει.
990 2124 1064 2175 διὰ
1108 2126 1184 2187 τί;
1228 2125 1298 2176 ὅτι
1336 2131 1485 2176 ταῦτα
1524 2124 1608 2187 μὲν
1646 2126 1774 2194 αὑτῷ

253 2209 444 2276 συνῄδει
483 2209 807 2274 πεπραγμένα,
833 2212 908 2260 καὶ
934 2211 1102 2261 δοῦλος
1141 2207 1198 2272 ἧν
1233 2207 1252 2235 b

1273 2213 1367 2259 τῶν
1401 2207 1624 2275 ῥημάτων
1658 2207 1766 2259 τού-

253 2314 361 2342 των.
407 2293 573 2342 οὔκουν
597 2293 800 2360 προσῄει
829 2290 948 2357 πρὸς
974 2296 1105 2342 ταῦθ’
1131 2292 1158 2354 ἡ
1186 2290 1378 2352 διάνοια,
1405 2293 1516 2340 ἀλλ’
1544 2292 1770 2341 ἀνεδύετο·
1785 2307 1828 2329 20

254 2377 642 2439 οέπελαμβάνετο
686 2375 812 2442 ἀγάρ
858 2377 999 2439 αὐτῆς
1044 2373 1098 2425 τὸ
1142 2375 1414 2426 συνειδέναι.
1455 2376 1774 2440 λοιδορεῖσθαι

310 2552 331 2580 k
349 2555 524 2601 χρήματα]
548 2557 728 2601 γράμματα
746 2569 774 2591 1'.
854 2556 860 2578 ¹
882 2557 1075 2600 πεπράκασι
1093 2561 1174 2601 post
1193 2556 1375 2600 πράγματα
1397 2555 1542 2590 A.k.r.S.
1637 2559 1665 2578 ¹¹¹
1686 2553 1771 2600 τῶν]

256 2610 391 2642 πάντων
410 2613 477 2642 τῶν
498 2609 789 2648 F.Y.Q.O.t.u.v.
905 2616 923 2635 Π
945 2609 1125 2653 ἡττῶνται]
1148 2608 1298 2652 ἡττῶντο
1318 2608 1362 2642 Ο.
1447 2613 1465 2633 0
1487 2608 1649 2654 ἰσχυρὸν]
1673 2607 1774 2652 ἴσχυ-

256 2663 317 2707 ρόν
337 2662 413 2696 ἐστι
435 2663 676 2701 Ἑ’,Ω.Ο.ῒ.ιι,ν.
798 2669 816 2696 p
836 2662 1070 2708 ἀποστρέφει]
1095 2661 1351 2707 ἀποστρέφεται
1373 2661 1454 2695 S.Y.
1575 2667 1595 2694 (1
1615 2661 1772 2706 εἰσαγγε-

256 2715 327 2761 λεῖ]
354 2716 575 2761 εἷσιιγγελλει
597 2717 677 2750 S.Y.
789 2722 803 2741 Γ
824 2717 875 2750 καὶ
896 2728 966 2750 om.
991 2716 1033 2749 O.
1066 2715 1169 2749 Conf.
1192 2727 1227 2760 p.
1254 2714 1340 2762 784,
1371 2726 1425 2762 ¹9·
1521 2720 1535 2739 Β
1556 2714 1671 2760 ἐχθὲς]
1695 2714 1776 2758 χθὲς

258 2767 348 2806 RQ.
470 2768 484 2793 ἵ
505 2768 649 2813 ἠδυνήθη
669 2769 898 2804 A.S.Y.k.r.s.
929 2769 1083 2813 δυνηθείη
1103 2769 1222 2814 vulgo.
1346 2774 1367 2793 u
1385 2768 1520 2813 ἅνδρες]
1544 2763 1570 2801 ὦ
1588 2768 1706 2812 ἄνδρες
1725 2766 1772 2806 Q.

256 2826 277 2845 X
296 2823 436 2867 πρᾶγμα
455 2823 650 2869 πάνδεινόν]
675 2822 801 2868 πρᾶγμ’
821 2822 909 2856 ἅπαν
930 2823 1039 2856 δεινόν
1055 2823 1098 2857 Y.
1156 2828 1174 2855 'J
1195 2822 1212 2865 ἢ
1233 2823 1448 2866 μετειληφώς
1462 2833 1532 2855 Oln.
1551 2821 1591 2855 B.
1649 2826 1667 2845 z
1683 2816 1776 2854 εἶπεν

256 2874 347 2920 οὐδ’]
371 2873 442 2908 οὔτ’
462 2872 554 2909 εἶπεν
575 2876 645 2909 οὔτ’
668 2876 706 2910 F.
820 2882 838 2901 a
857 2876 948 2909 ἅλλα
969 2875 1016 2922 δ’]
1040 2875 1118 2909 ἀλλ’
1140 2888 1169 2910 r.
1292 2871 1312 2899 b
1331 2878 1398 2908 τῶν
1417 2887 1486 2909 om.
1508 2887 1536 2909 r.
1659 2879 1676 2899 ⁰
1695 2875 1772 2907 ἐπε-

256 2927 467 2973 λαμβάνετο]
490 2925 548 2962 εἶτ’
567 2930 781 2973 ἐλαμβάνετο
800 2944 854 2974 γρ.
878 2930 914 2962 S.
1026 2925 1042 2953 ‘¹
1063 2930 1129 2973 γὰρ
1149 2928 1268 2974 αὐτῆς]
1292 2929 1462 2973 παραυτῆς
1484 2928 1519 2961 S.
