1882 3250
181 178 264 215 2152
741 181 1167 219 ΔΗΜΟΣΘΕΝΟὙΣ
1343 178 1426 216 On.
1450 177 1550 216 XV.
1572 190 1613 230 p.
1636 185 1726 228 199‚
1747 187 1820 211 1—

174 306 266 338 ·σαι
304 288 536 353 κατάγειν.
583 288 657 338 διὰ
698 290 771 347 τίς
814 290 884 339 ὅτι
920 290 1112 340 πάντων
1150 289 1248 351 μὲν,
1283 287 1320 338 ὦ
1355 289 1518 353 ἄνδρες
1551 289 1696 350 Ἀθη-
1717 306 1793 348 199

183 376 314 432 ναῖοι,
353 370 412 420 τὰ
447 372 599 420 δίκαια
639 376 786 421 ποιεῖν
823 371 1106 436 ὡρμηκότων
1140 369 1341 436 αἰσχρὸν
1371 370 1491 432 ἡμᾶς
1529 370 1699 431 μόνους

182 451 248 514 μὴ
274 454 490 513 “ε’θελειν,
519 452 741 503 ἁπάντων
768 453 815 503 δὲ
848 458 940 503 τῶν
968 454 1133 502 ἄλλων
1167 452 1293 505 ὅπως
1331 454 1501 501 ἀδικειν
1528 449 1695 513 τδυνή-

183 557 351 584 σονται
391 536 873 599 παρασκευαζομένων
916 535 1087 597 μόνους
1128 536 1248 597 ἡμᾶς
1288 533 1348 584 τὰ
1387 535 1539 583 δίκαια
1582 551 1728 599 προ-5

183 618 431 678 τείνεσθαι,
477 616 674 679 μηδενὸς
719 618 1262 680 Χοἰντιλαμβανομένους,
1308 619 1361 667 οὐ
1402 615 1700 678 δικαιοσύνην

184 701 294 748 ἀλλ’
343 707 360 733 Υ
378 699 628 763 ἀνανδρίαν
663 700 877 763 ἡγοῦμαι·
928 702 1021 765 ὁρῶ
1066 699 1160 764 γὰρ
1204 698 1416 751 ἅπαντας
1454 697 1572 763 πρὸς
1615 698 1701 761 τὴν

115 795 171 847 36
184 787 434 847 παροῦσαν
467 783 662 843 δύναμιν
701 787 820 833 Ζτῶν
857 785 1045 833 δικαίων
1081 783 1397 850 ἀξιουμένους.
1441 784 1515 832 καὶ
1550 780 1701 846 παροί-

955 863 974 890 b

185 865 352 927 δειγμα
390 863 579 928 ἱλλέγειν
618 864 709 929 ἔχω
751 864 918 914 τούτου
982 869 1133 914 πᾶσιν
1175 867 1282 926 ὑμῖν
1319 864 1569 929 γνώριμον.
1608 866 1700 913 εἶσὶ

184 949 417 1007 συνθῆκαι
444 951 569 998 ςτοῖς
588 945 807 1009 ΓἙλλησι
844 945 863 972 ‘¹
881 949 1029 996 διτταὶ
1056 946 1175 1012 πρὸς
1201 946 1422 1006 βασιλέα,
1450 945 1505 999 ἃς
1537 945 1694 1009 ἐποιή-
1717 966 1754 987 10

184 1051 306 1078 σατο
346 1029 372 1090 ἡ
407 1027 548 1081 πόλις
582 1029 610 1091 ἡ
651 1030 865 1094 ἡμετέρα,
905 1029 958 1081 ἃς
998 1029 1199 1082 ἅπαντες
1235 1027 1587 1094 ἐγκωμιάζουσι,
1626 1029 1702 1078 καὶ

182 1110 301 1172 μετὰ
326 1113 456 1160 ταῦθ’
487 1113 686 1174 ὕστερον
714 1112 1071 1173 Λακεδαιμόνιοι
1110 1111 1282 1164 ταύτας
1320 1109 1383 1160 ὧν
1410 1109 1465 1173 δὴ
1493 1132 1696 1174 κατηγο·

183 1199 336 1258 ροῦσι·
378 1196 464 1243 κάν
497 1195 687 1246 ταύταις
726 1195 829 1260 οὐχὶ
862 1193 1008 1244 ταύτὰ
1046 1195 1199 1243 δίκαια
1238 1192 1558 1259 θάμφοτέραις
1589 1190 1697 1257 ὥρι-

184 1298 312 1325 σται.
358 1281 452 1325 τῶν
479 1276 562 1336 μὲν
588 1277 681 1342 γὰρ
721 1278 849 1327 ἰδίων
875 1278 1063 1327 δικαίων
1099 1281 1193 1326 τῶν
1228 1277 1276 1325 ἐν
1310 1280 1409 1328 ταῖς
1447 1275 1703 1327 πολιτείαις

185 1362 226 1408 οἱ
269 1359 401 1421 νόμοι
440 1359 596 1422 κοινὴν
628 1359 712 1423 τὴν
746 1361 1002 1422 μετουσίαν
1038 1359 1210 1409 ἔδοσαν
1245 1362 1320 1408 καὶ
1354 1358 1464 1420 ἰ’σην
1500 1360 1574 1407 καὶ
1607 1362 1753 1410 τοῖς15

696 1440 708 1468 f

185 1442 410 1491 ἀσθενέσι
450 1444 524 1491 καὶ
560 1447 655 1494 τοῖς
714 1447 940 1509 ἰσχυροῖς·
985 1446 1078 1491 τῶν
1112 1443 1148 1490 δ’
1183 1443 1481 1503 “Ελληνικῶν
1515 1440 1704 1489 δικαίων

186 1527 228 1573 οἱ
255 1530 532 1589 κρατοῦντες
559 1526 743 1589 ὁρισταὶ
770 1529 864 1576 τοῖς
890 1531 910 1559 g
919 1524 1085 1587 ἥττοσι
1113 1525 1369 1588 γίγνονται.

118 1619 170 1661 37
261 1607 454 1670 Ἐπειδὴ
481 1609 636 1657 τοίνυν
663 1609 769 1669 ὑμῖν
794 1607 1040 1672 ἐγνωκέναι
1074 1606 1133 1656 τὰ
1161 1607 1313 1656 δίκαια
1341 1605 1522 1656 ὴποιεῖν
1550 1604 1699 1671 ὑπάρ-

183 1712 268 1755 χει,
308 1689 435 1742 ὅπως
474 1692 548 1739 καὶ
587 1690 766 1757 πρᾶξαι
804 1693 931 1739 ταῦτ’
958 1691 1029 1756 ἐφ’
1069 1691 1175 1752 ὑμῖν
1213 1689 1362 1750 ἔσται,
1393 1690 1464 1738 δεῖ
1491 1692 1758 1739 crucem-dmm

184 1770 340 1821 ἱἔσται
382 1771 431 1821 δὲ
469 1774 611 1833 ταῦτ’,
652 1772 731 1822 ἐὰν
771 1774 1080 1838 ὑποληφθῆτε
1125 1773 1268 1821 κοινοὶ
1310 1769 1577 1836 προστάται
1622 1773 1704 1833 τῆς

185 1853 207 1880 ¹³
226 1854 417 1904 πάντων
444 1856 706 1920 ἐλευθερίας
745 1853 874 1906 εἶναι.
899 1854 1102 1907 ·εἱκότως
1137 1855 1193 1904 δέ
1211 1877 1288 1917 μοι
1325 1858 1452 1904 δοκεῖ
1485 1853 1707 1919 χαλεπώ-

118 1948 172 2002 38
186 1960 328 1988 τατον
355 1939 462 2000 ὑμῖν
497 1936 609 1987 εἶναι
648 1938 828 2005 πρᾶξαι
863 1937 922 1987 τὰ
949 1938 1126 1987 δεόντα.
1171 1942 1267 1990 τοῖς
1304 1936 1389 2000 μὲν
1420 1935 1513 2001 γὰρ
1539 1937 1706 1990 ἄλλοις

186 2018 368 2070 ἅπασιν
394 2021 658 2085 ἀνθρώποις
693 2020 754 2073 εἷς
781 2021 911 2085 ἀγών
938 2023 1069 2070 ἐστιν
1095 2022 1119 2070 ὁ
1146 2020 1265 2085 πρὸς
1296 2019 1404 2072 τοὺς
1439 2019 1706 2085 προδήλους

187 2101 395 2169 ἐχθροὺς,
416 2101 480 2152 ὧν
500 2101 575 2152 Ῑόὶν
595 2103 914 2168 κρατήσωσιν,
937 2103 1069 2153 οὐδὲν
1089 2102 1305 2165 ἐμποδὼν
1323 2104 1516 2156 mathois
1537 2103 1706 2168 κυρίοις
1720 2128 1756 2159 2⁵

189 2190 311 2234 ῐ’τῶν
332 2187 524 2249 ἀγαθῶν
551 2184 677 2235 εἶναι·
720 2188 825 2247 ὑμῖν
851 2188 907 2243 δ’,
929 2183 966 2235 ὦ
987 2186 1150 2249 ἄνδρες
1169 2187 1426 2249 Ἀθηναῖοι,
1448 2186 1544 2246 δύο,
1572 2185 1706 2238 οὗτός

189 2268 231 2321 θ’,
259 2269 283 2317 ὁ
319 2270 393 2317 καὶ
428 2273 525 2321 τοῖς
560 2268 742 2329 ἄλλοις,
770 2271 845 2318 καὶ
885 2270 1108 2334 οπροσε’θ’
1139 2270 1292 2333 ἕτερος
1333 2268 1500 2318 τούτου
1531 2267 1701 2332 πρότε-

243 2473 265 2491 ¹¹
285 2467 432 2512 ἐθέλειν]
458 2465 570 2500 θέλειν
591 2467 626 2500 S.
740 2472 757 2490 V
777 2466 1000 2512 δυνήσονται]
1025 2465 1235 2509 δυνὴσωνται
1256 2466 1301 2500 O.
1418 2470 1437 2489 Χ
1457 2464 1706 2508 ἀντιλαμβανο-

189 2519 326 2565 μένους]
353 2520 471 2553 Litera
490 2520 614 2553 ultima
632 2525 766 2564 puncto
785 2526 908 2553 notata
926 2526 965 2552 ut
982 2520 1130 2553 delenda
1149 2520 1182 2552 in
1207 2519 1243 2552 S.
1357 2523 1374 2550 y
1393 2516 1590 2562 ἀνανδρίαν]
1609 2517 1707 2550 ἀναν-

190 2573 303 2618 δρείαν
322 2574 364 2606 A.
394 2572 530 2616 ἀνδρίαν
550 2584 584 2606 u.
607 2579 641 2605 et
662 2583 715 2617 pr.
736 2584 768 2605 v.
799 2571 954 2616 ἀνδρειαν
972 2584 1024 2617 pr.
1049 2572 1084 2605 S.
1199 2579 1215 2596 Z
1235 2574 1302 2604 τῶν
1321 2571 1403 2604 A.S.
1435 2570 1635 2616 Legebatur
1654 2571 1708 2603 καὶ

189 2628 269 2658 τῶν.
416 2632 433 2650 ²³
455 2625 568 2669 λέγειν
586 2625 653 2668 ἔχω
674 2623 796 2658 τούτου
816 2625 898 2658 A.S.
929 2624 1052 2658 τούτου
1067 2624 1181 2669 λέγειν
1199 2625 1267 2668 ἔχω
1286 2623 1403 2668 vulgo.
1541 2619 1562 2647 b
1581 2621 1705 2667 πᾶσιν]

190 2676 318 2711 ἅπασιν
339 2677 383 2711 Ο.
506 2683 521 2702 0
541 2679 612 2711 τοῖς
626 2676 779 2720 ’Ἕλλησι
798 2677 924 2723 διτταὶ]
950 2677 1060 2710 διτταὶ
1080 2678 1150 2711 τοῖς
1168 2676 1295 2719 ἕλλησι
1316 2675 1437 2709 O.u.v.
1559 2672 1578 2700 d
1599 2674 1708 2708 διτταὶ

191 2744 228 2765 π.
249 2729 303 2774 β.]
326 2744 362 2763 π.
383 2732 418 2769 β.
440 2730 549 2763 διτταὶ
569 2731 609 2763 Α.
741 2735 757 2754 θ
776 2729 1003 2775 ἀμφοτέραις]
1027 2730 1235 2773 ἀμφοτέροις
1255 2728 1433 2762 F.Y.O.u.
1572 2723 1587 2751 f
1605 2727 1705 2771 ἰσχυ-

191 2782 280 2827 ροῖς]
305 2782 444 2827 ἀγαθοῖς
463 2783 506 2816 A.
631 2787 647 2810 g
667 2782 805 2827 ἥττοσι]
831 2782 918 2825 ἥττω
938 2782 980 2815 Y.
1102 2778 1123 2805 h
1143 2782 1268 2827 ποιεῖν]
1294 2782 1346 2814 καὶ
1365 2782 1474 2814 ποιεῖν
1492 2779 1705 2814 F.Y.O.u.v.

193 2832 203 2860 i
223 2836 321 2868 ἔσται
342 2836 395 2881 δὲ]
422 2836 496 2868 ἐστὶ
516 2835 551 2868 δέ
574 2835 597 2868 S
721 2832 737 2856 k
759 2835 894 2867 πάντων
916 2835 951 2868 S.
997 2834 1197 2879 Legebatur
1215 2834 1382 2867 ἁπάντων.
1492 2831 1502 2859 l
1523 2830 1562 2866 ἄν
1583 2832 1618 2866 S.
1649 2832 1707 2865 ἐὰν

192 2888 309 2932 vulgo.
456 2893 486 2911 m
510 2887 640 2932 αὐτοῖς]
665 2888 779 2921 αὐτοῖς
798 2889 894 2920 ἔσται
916 2889 956 2920 A.
1107 2893 1125 2912 ¹¹
1154 2890 1221 2920 τῶν
1240 2886 1271 2920 ἆ.
1293 2883 1393 2931 εἶναι]
1418 2881 1501 2919 εἶναι
1520 2888 1587 2919 τῶν
1605 2884 1637 2918 ἆ.
1659 2885 1701 2918 A.

191 2944 206 2960 0
224 2939 382 2986 προσεθ]
407 2941 574 2985 πρόσεσθ’
596 2940 727 2973 A.F.Y.
748 2946 783 2974 et
802 2940 861 2985 qui
881 2946 1028 2974 accentu
1048 2946 1141 2973 caret
1163 2939 1197 2972 S.
1229 2938 1353 2983 πρόσθ’
1375 2938 1418 2972 Ο.
