1930 3266
32 1408 103 1451 ¹71

32 1908 112 1951 -172

4 1959 7 1973 <

1 206 10 214 '⁴
55 210 153 254 272,
171 216 221 240 14.
580 202 705 238 ΠΕΡΙ
735 201 845 238 ΤΟΥ
876 200 1182 239 ΣΤΕΦΑΝΟΎ.
1551 201 1635 241 285

119 317 325 364 τοιοῦτος
365 314 440 361 καὶ
485 310 540 362 τὸ
578 311 709 375 δίκην
747 313 905 361 δοῦναι
943 310 1099 363 διαδὺς
1137 310 1405 378 ἐξεπέμπετ’
1447 310 1504 361 ἂν
1543 312 1632 363 ὑπὸ

118 401 201 447 τοῦ
239 394 573 460 οσεμνολόγου
610 395 842 445 Ρτουτουί·
890 400 972 444 νῦν
1007 395 1045 444 δ’
1074 396 1199 457 ὑμεῖς
1235 395 1631 459 στρεβλώσαντες
1646 421 1688 443 20

29 497 107 540 170
120 479 260 530 αὐτὸν
310 479 617 540 ἀπεκτείνατε,
663 480 723 531 ὡς
775 478 863 528 ἔδει
908 499 962 542 γε
1013 480 1088 527 καὶ
1138 483 1317 528 τοῦτον.
1383 484 1633 544 τοιγαροῦν

118 565 260 614 εἰδυῖα
297 568 443 612 ταῦτα
480 562 508 625 ἡ
546 561 700 625 βουλὴ
736 563 764 625 ἡ
799 561 856 630 ἐξ
889 562 1072 626 Ἀρείου
1110 559 1268 626 πάγου
1304 560 1444 612 ςτότε
1482 561 1632 631 τούτῳ

116 646 436 713 πεπραγμένα,
463 644 895 712 χειροτονησάντων
920 644 1086 695 Γαύτὸν
1113 647 1241 708 ὑμῶν
1267 644 1489 696 σύνδικον
1517 644 1632 712 ὑπὲρ

117 736 200 782 τοῦ
239 734 361 796 ἱεροῦ
399 736 481 780 τοῦ
519 731 568 779 ἐν
603 728 754 799 Δήλῳ
788 728 881 780 ἀπὸ
919 731 1001 792 τῆς
1037 730 1178 792 αὐτῆς
1216 730 1408 794 ἀγνοίας
1446 729 1633 796 8ἧσπερ

117 813 283 866 πολλὰ
323 813 575 880 ἴπροΐεσθε
619 818 714 864 τῶν
758 817 938 875 κοινῶν,
984 814 1046 866 ὡς
1089 813 1370 878 προείλεσθε
1421 813 1633 878 κάκείνην
1647 831 1685 864 25

118 898 232 948 ιικαὶ
282 902 400 947 Χτοῦ
460 895 739 962 πράγματος
796 897 957 962 κυρίαν
1007 895 1271 959 ἐποιήσατε,
1322 902 1488 946 τοῦτον
1549 894 1635 959 μὲν

118 979 250 1035 εὐθὺς
305 979 556 1044 ἀπήλασεν
613 981 675 1032 ὡς
737 978 986 1045 προδότην,
1037 987 1055 1014 y
1075 980 1320 1047 εΥπερείδῃ
1375 978 1424 1030 δὲ
1480 979 1636 1045 λε’γειν

116 1064 399 1132 προσέταξε·
442 1065 517 1114 καὶ
547 1069 695 1114 ταῦτα
727 1062 821 1114 ἀπὸ
852 1068 936 1113 τοῦ
967 1067 1132 1125 βωμοῦ
1166 1062 1381 1132 φέρουσα
1415 1063 1502 1127 τὴν
1537 1066 1635 1132 ψῆ-ν

119 1153 212 1217 φον
265 1147 451 1216 ἔπραξε,
503 1148 579 1197 καὶ
640 1147 830 1210 οὐδεμία
881 1149 1049 1214 ψῆφος
1099 1146 1306 1213 Ζἠνέχθη
1362 1150 1428 1216 τῷ
1483 1151 1635 1216 μιαρῷ
1651 1165 1732 1207 272

118 1231 284 1301 τούτῳ.
364 1232 458 1281 Καὶ
497 1230 568 1281 ὅτι
605 1231 731 1281 ταῦτ’
767 1231 922 1294 ἀληθῆ
962 1230 1103 1296 λέγω,
1140 1231 1273 1282 κάλει
1308 1239 1326 1258 ³
1342 1254 1421 1294 μοι
1457 1232 1636 1283 τούτων

119 1315 226 1371 τοὺς
258 1315 513 1382 μάρτυρας.

697 1398 719 1428 b
735 1404 1056 1446 ΜΑΡΤΎΡΕΣ.

236 1477 489 1526 Μαρτυροῦσι
524 1474 774 1525 Δημοσθένει
807 1476 904 1526 ὑπὲρ
937 1474 1120 1514 ἁπάντων
1154 1474 1250 1522 οἵδε,
1284 1474 1463 1516 Καλλίας
1498 1478 1668 1520 Σουνι-5

177 1542 251 1589 εὺς,
275 1542 413 1592 Ζήνων
434 1541 602 1590 Φλυεὺς,
627 1541 767 1582 Κλέων
788 1542 1007 1593 Φαληρεὺς,
1032 1545 1251 1592 Δημόνικος
1277 1543 1549 1593 Μαραθώνιος,
1578 1544 1638 1583 ὅτι

176 1613 243 1650 τοῦ
265 1609 383 1660 δήμου
403 1610 499 1649 ποτὲ
520 1609 871 1662 χειροτονήσαντος
892 1610 1086 1660 Αἰσχίνην
1112 1610 1295 1649 σύνδικον
1321 1610 1417 1660 ὑπὲρ
1438 1612 1505 1649 τοῦ
1534 1611 1637 1661 ἱεροῦ

177 1681 244 1718 τοῦ
266 1679 309 1718 ἐν
332 1676 452 1731 Δήλῳ
474 1683 488 1700 ‘³
503 1679 555 1719 εἰς
579 1677 666 1718 τοὺς
689 1675 979 1728 Ἀμφικτύονας
1008 1677 1339 1727 συνεδρεύσαντες
1359 1677 1467 1727 ἡμεῖς
1489 1678 1638 1729 ἐκρίνα-

177 1761 251 1795 μεν
271 1743 529 1796 ᾶὛ“περείδην
553 1742 664 1793 ἄξιον
692 1743 793 1784 εἶναι
822 1746 979 1793 μᾶλλον
1005 1743 1102 1793 ὑπὲρ
1132 1745 1198 1792 τῆς
1223 1743 1375 1785 πόλεως
1402 1743 1551 1796 λέγειν,
1576 1744 1638 1784 καὶ
1658 1759 1694 1780 ¹0

180 1812 384 1862 ἀπεστάλη
406 1810 669 1863 ΘὛἪΤερείδηςκ

199 1892 387 1942 Οὐκοῦν
421 1889 497 1940 ὅτε
534 1888 700 1940 τούτου
733 1887 978 1954 ἰλέγοντος
1011 1887 1261 1952 ἀπήλασεν
1291 1901 1315 1936 g
1325 1912 1352 1952 ⁷7
1383 1888 1536 1952 βουλὴ
1564 1892 1638 1940 καὶ

1131 1971 1151 1998 h

122 1974 417 2043 προσέταξεν
443 1973 595 2043 ἑτέρῳ,
620 1972 726 2024 τότε
761 1975 837 2023 καὶ
870 1972 1106 2038 προδότην
1163 1970 1276 2022 εἶναι
1303 1975 1378 2023 καὶ
1412 1971 1640 2025 κακόνουν

123 2059 132 2087 i
145 2062 250 2123 ὑμῖν
276 2058 528 2127 ἀπέφηνεν.

600 2140 621 2167 k

187 2140 282 2192 ὁΕν
312 2141 397 2205 μὲν
421 2143 575 2192 τοίνυν
637 2146 775 2192 τοῦτο
801 2140 1009 2191 1τοιοῦτο
1047 2141 1307 2203 πολίτευμα
1340 2145 1424 2190 τοῦ
1460 2141 1639 2191 νεανίου

179 2315 198 2334 0
219 2308 450 2354 σεμνολόγου]
475 2309 792 2353 σεμνολογουμένου
812 2309 853 2342 Y.
875 2314 910 2342 et
929 2322 984 2354 γρ.
1006 2309 1045 2342 F.
1182 2314 1201 2341 P
1222 2307 1384 2354 τουτουί]
1409 2306 1530 2341 τούτου
1551 2308 1637 2342 A.Y.

125 2363 228 2398 k.r.s.
286 2368 306 2395 q
324 2364 403 2396 τότε
424 2363 460 2396 S.
491 2363 533 2395 τὰ
552 2362 629 2395 τότε
644 2362 761 2407 vulgo.
828 2367 843 2385 ¹·
863 2362 963 2395 αὐτὸν
984 2362 1091 2408 ὑμῶν]
1118 2361 1208 2405 ὑμῶν
1228 2362 1330 2395 αὐτὸν
1349 2374 1413 2407 p.r.
1473 2367 1487 2385 S
1507 2361 1635 2407 ἧσπερ]

127 2416 326 2462 Legebatur
348 2415 408 2461 ἀφ’
428 2415 552 2460 ἧσπερ.
595 2413 654 2458 ἀφ’
676 2427 744 2448 om.
766 2415 896 2454 F.S.Q.
923 2415 959 2448 in
981 2429 1036 2460 γρ.
1063 2415 1169 2449 habet
1194 2427 1221 2448 r.
1266 2414 1376 2460 ἧσπερ
1404 2414 1497 2448 ἕνεκα
1523 2416 1638 2448 A.k.s.

127 2469 141 2493 ἵ
165 2467 343 2514 προΐεσθε]
373 2473 518 2514 προῖστε
546 2468 579 2501 S.
603 2468 653 2511 (in
675 2480 744 2514 quo
765 2482 793 2502 ει
817 2480 987 2514 superscr.
1009 2481 1029 2502 a
1051 2480 1097 2502 m.
1120 2470 1204 2511 sec.)
1227 2468 1270 2506 Q.
1315 2469 1478 2513 προεῖσθε
1497 2468 1639 2502 A.k.1·.s.

127 2528 148 2546 1¹
167 2523 220 2556 καὶ
238 2535 307 2557 om.
323 2523 397 2557 Y.r.
554 2527 573 2546 X
593 2523 652 2554 τοῦ
673 2522 869 2567 πράγματος
890 2522 1004 2566 κυρίαν
1023 2521 1496 2560 A.F.S.Y.Q.O.k.r.s.t.u.v.
1528 2521 1642 2565 κυρίαν

126 2577 187 2608 τοῦ
205 2577 401 2622 πράγματος
419 2576 536 2622 vulgo.
679 2581 697 2608 Y
719 2575 885 2619 ὑπερείδηι
904 2575 1100 2621 A.F.s.p.r.
1130 2575 1289 2620 ὑπερίδην
1310 2575 1463 2608 O.t.u.v.
1505 2574 1641 2607 Scribe-

127 2629 230 2663 batur
247 2628 418 2674 ‘Y‘trcpc'337.
556 2635 573 2653 Ζ
593 2627 733 2674 ἠνέχθη]
758 2629 920 2672 ἐξηνέχθη
942 2628 986 2666 Q.
1121 2634 1140 2652 a
1158 2642 1215 2670 μοι
1235 2640 1304 2661 om.
1328 2627 1640 2672 S.Y.Q.O.p.t.r.u.

128 2679 148 2706 b
175 2682 419 2728 MAPTYPEE]
452 2683 630 2727 μαρτυρίαι
658 2681 700 2715 O.
750 2682 915 2726 μαρτυρία
940 2682 1022 2714 A.k.
1079 2681 1336 2714 Testimonium
1363 2681 1479 2725 ipsum
1508 2692 1577 2713 om.
1598 2682 1641 2714 A.

129 2740 145 2759 ⁰
164 2735 211 2770 εἷς
229 2747 299 2770 om.
322 2736 366 2774 Q.
488 2736 506 2761 (¹
528 2735 704 2780 ὑπερείδην
726 2735 760 2768 S.
795 2735 1018 2768 scribebatur
1035 2733 1226 2778 Ὑπερίδην.
1351 2739 1366 2758 e
1385 2733 1578 2776 Ὑπερείδης
1600 2734 1641 2774 Β,

129 2787 188 2834 qui
217 2801 322 2834 supra
349 2800 489 2834 quoque
518 2801 581 2834 per
609 2802 638 2822 ει
668 2788 835 2833 scriptum
865 2788 1017 2827 exhibet,
1045 2792 1080 2821 et
1110 2787 1145 2820 S.
1203 2786 1426 2820 Scribebatur
1453 2786 1642 2830 Ὑπερίδης.

131 2843 140 2867 ¹
160 2841 322 2887 λέγοντος
341 2842 473 2880 F.S.Q.
511 2842 712 2887 Legebatur
730 2843 919 2884 μελλοντος
938 2842 1062 2885 λέγειν,
1085 2841 1179 2886 quod
1199 2852 1219 2873 a
1238 2852 1284 2873 m.
1306 2840 1459 2874 secunda
1477 2840 1583 2873 habet
1605 2839 1641 2874 S.

131 2899 152 2927 g
170 2893 189 2938 ἡ
211 2895 247 2929 S.
283 2895 483 2941 Legebatur
503 2896 604 2929 αὐτὸν
625 2894 654 2938 ἡ.
749 2891 771 2918 h
791 2890 873 2928 εἶναι
894 2906 963 2928 om.
985 2893 1029 2932 Q.
1131 2890 1140 2917 i
1162 2892 1254 2938 ὑμῖν]
1278 2893 1355 2937 ἡμῖν
1374 2905 1401 2926 r.
1503 2889 1523 2916 k
1542 2895 1644 2926 τοῦτο

129 2959 200 2982 om.
221 2948 258 2982 k.
422 2945 433 2973 l
457 2951 592 2983 τοιοῦτο
610 2948 800 2991 πολίτευμα
819 2949 879 2981 τοῦ
899 2945 1028 2981 νεανίου
1047 2945 1188 2992 τούτου]
1217 2949 1278 2980 τοῦ
1299 2945 1428 2980 νεανίου
1448 2944 1570 2979 τούτου
1591 2946 1645 2980 καὶ

130 3003 264 3035 τοιοῦτο
281 3001 470 3046 πολίτευμα
487 3015 544 3047 γρ.
566 3012 595 3036 S.
