1930 3266
1911 0 1930 105 1

306 197 391 236 338
867 201 1295 239 ΔΗΜΟΣΘΕΝΟὙΣ
1380 200 1462 239 On.
1484 199 1667 240 XVIII.
1690 214 1730 255 p.
1748 211 1847 254 321,
1865 217 1930 242 3—

305 311 403 360 ι’καὶ
430 310 814 376 κατηγορούντων
840 313 951 373 ἐμοῦ
989 311 1159 361 εταῦτα
1195 310 1225 361 ἂ
1257 314 1331 362 καὶ
1364 312 1427 362 σὺ
1460 314 1572 372 νυνὶ,
1599 314 1675 363 καὶ
1709 319 1812 363 λοι-

207 403 288 446 353
305 394 607 458 δορουμένων,
644 395 703 444 ἔτ’
736 395 924 458 ἄμεινον
962 393 1310 460 ἐχειροτόνησεν
1349 395 1465 458 ῗέμέ.
1510 394 1564 446 τὸ
1603 396 1642 445 δ’
1671 396 1818 446 αἴτιον

302 478 414 528 Πούκ
449 480 632 542 ἀγνοεῖς
666 476 763 540 μὲν,
792 477 943 541 Χὸμως
980 477 1028 527 δὲ
1055 477 1230 544 φράσω
1256 500 1336 528 σοι
1373 478 1542 543 Ῡκάγώ.
1587 479 1846 546 ἀμφότερ’5

300 559 480 628 ᾔδεσαν
514 562 680 621 2οῦτοι,
706 560 792 625 τήν
817 562 855 611 τ’
885 560 999 624 ἐμὴν
1025 562 1205 611 εὔνοιαν
1232 564 1306 611 καὶ
1331 563 1609 626 προθυμίαν,
1634 564 1734 624 μεθ’
1762 563 1816 628 ἧς

301 643 360 695 τὰ
408 643 645 710 πράγματ’
699 645 943 711 ἔπραττον,
989 647 1064 695 καὶ
1114 643 1199 708 τὴν
1250 646 1472 711 ὑμετέραν
1523 647 1719 696 ἀδικίαν·
1785 645 1816 697 ἃ

299 728 393 794 γὰρ
427 727 769 778 ἃεὐθενούντων
805 733 899 778 τῶν
933 728 1228 794 πραγμάτων
1255 731 1470 795 ἠρνεῖσθε
1508 729 1814 793 διομνύμενοι,

297 813 424 862 ταῦτ’
465 814 513 862 ἐν
551 811 618 865 οἷς
663 812 884 863 ε”πταισεν
930 813 956 875 ἡ
1003 812 1142 866 πόλις
1183 813 1541 879 ὡμολογήσατε.
1586 812 1692 867 τοὺς
1733 815 1814 865 οῦν

296 898 370 946 ἐπὶ
421 900 517 949 τοῖς
568 900 734 948 κοινοῖς
795 895 1129 962 ὺάτυχήμασιν
1181 894 1245 946 ὧν
1295 895 1525 964 ἐφρόνουν
1576 897 1868 957 λαβόνταςιο

295 980 451 1029 ἄδειαν
495 977 688 1046 ἐχθροὺς
732 978 816 1041 μὲν
856 978 1022 1036 πάλαι,
1065 978 1294 1046 φανεροὺς
1339 980 1387 1030 δὲ
1430 980 1526 1030 τόθ’
1569 980 1814 1044 ἡγήσαντο

1367 1062 1385 1090 ‘³
1397 1063 1813 1127 ὑπολαμβάνοντες

194 1064 474 1120 354οαὺτοῖς
500 1067 802 1129 γεγενῆσθαι·
847 1062 943 1113 εἶτα
982 1066 1057 1113 καὶ
1082 1063 1340 1129 προσήκειν

291 1145 374 1197 τὸν
400 1149 571 1213 ἐροῦντ’
601 1149 699 1198 θέπὶ
733 1152 828 1200 τοῖς
862 1146 1216 1211 τετελευτηκόσι
1258 1150 1333 1197 καὶ
1358 1146 1444 1211 τὴν
1469 1146 1674 1198 ἰέκείνων
1699 1150 1806 1214 ἀρε-

289 1229 376 1294 τὴν
396 1231 705 1294 κοσμήσοντα
725 1238 745 1266 g
751 1230 858 1294 μήθ’
879 1229 1149 1299 ὁμωρόφιον
1169 1229 1275 1294 μήθ’
1296 1230 1598 1293 ὁμόσπονδον
1619 1252 1810 1295 γεγενη-
1828 1252 1861 1282 ¹5

287 1314 427 1378 με’νον
462 1313 575 1365 εἶναι
614 1320 709 1368 τοῖς
748 1313 867 1381 πρὸς
906 1316 1102 1367 ἐκείνους
1139 1315 1560 1383 παραταξαμένοις,
1586 1316 1691 1378 μηδ’
1721 1317 1816 1366 ἐκεῖ

286 1396 372 1461 μὲν
412 1398 637 1465 κωμάζειν
682 1401 757 1449 καὶ
808 1397 827 1424 ¹¹
844 1397 1104 1462 παιωνίζειν
1148 1398 1223 1447 ἐπὶ
1266 1402 1366 1450 ταῖς
1416 1401 1511 1447 τῶν
1554 1396 1808 1460 Ἑλλήνων

287 1486 557 1550 συμφοραῖς
599 1481 718 1546 μετὰ
757 1486 851 1532 τῶν
897 1483 1179 1549 αὐτοχείρων
1223 1487 1306 1531 τοῦ
1352 1480 1513 1549 φόνου,
1561 1483 1694 1546 δεῦρο
1740 1479 1804 1532 ἰδ’

286 1564 516 1616 ιίἐλθόντα
554 1571 797 1630 τιμᾶσθαι,
825 1565 957 1630 Ῑμηδέ
994 1571 1052 1632 τῇ
1092 1570 1228 1634 φωνῇ
1264 1564 1478 1631 δακρύειν
1514 1565 1801 1631 ’Πὺποκρινό-

186 1669 269 1712 355
284 1672 425 1712 μενον
451 1649 536 1714 τὴν
561 1652 744 1701 ἐκείνων
771 1650 932 1718 τύχην,
953 1649 1084 1700 ἀλλὰ
1110 1653 1167 1716 τῇ
1195 1653 1331 1718 ψυχῇ
1353 1654 1626 1714 συναλγεῖν.
1667 1655 1806 1700 τοῦτο
1820 1671 1860 1693 20
1921 1682 1925 1690 ι

284 1736 322 1785 δ’
349 1735 535 1801 ι’ἑώρων
573 1736 682 1801 παρ’
722 1737 899 1788 ἑαυτοῖς
939 1737 1014 1785 καὶ
1046 1738 1158 1800 παρ’
1195 1735 1308 1796 ἐμοὶ,
1347 1731 1478 1798 παρὰ
1515 1733 1553 1782 δ’
1595 1734 1701 1796 ὑμῖν
1737 1735 1804 1785 οὔ.

283 1817 359 1869 διὰ
409 1820 534 1869 ταῦτ’
578 1818 644 1881 ἔμ’
686 1818 1047 1886 ἐχειροτόνησαν
1088 1820 1163 1868 καὶ
1210 1819 1296 1884 οὐχ
1348 1818 1478 1880 ὑμᾶς.
1519 1819 1594 1867 καὶ
1641 1819 1728 1885 οὐχ
1778 1819 1803 1869 ὁ

279 1901 364 1965 μὲν
391 1904 537 1966 δῆμος
575 1903 734 1965 οὕτως,
773 1905 814 1953 οἱ
851 1900 900 1952 δὲ
934 1906 1029 1952 τῶν
1061 1901 1459 1965 τετελευτηκότων
1493 1901 1690 1967 πατέρες
1727 1904 1800 1952 καὶ

279 1986 479 2053 ἀδελφοὶ
508 1989 578 2035 Οοὶ
606 1983 694 2036 ὑπὸ
721 1990 804 2036 τοῦ
831 1983 980 2049 δήμου
1005 1982 1127 2035 Ρτόθ
1157 1984 1411 2050 αἱρεθέντες
1436 1986 1512 2035 ἐπὶ
1537 1983 1620 2038 τὰς
1646 1984 1802 2054 ταφὰς

280 2068 444 2122 ἄλλως
483 2092 596 2131 πως,
624 2068 756 2119 αλλὰ
790 2068 893 2119 δεον
926 2074 1074 2120 ποιεῖν
1101 2092 1266 2122 αυτους
1304 2068 1383 2119 qrb
1417 2069 1711 2134 περίδειπνον
1738 2072 1799 2124 ὡς
1815 2096 1853 2127 25
1915 2066 1921 2134 ζ

276 2158 456 2220 παρ’
474 2153 739 2204 οἶκειοτάτω
797 2158 926 2203 5τῶν
982 2152 1393 2217 τετελευτηκότων,
1445 2153 1610 2220 ὥσπερ
1660 2154 1798 2205 τᾶλλ’

332 2296 347 2315 Γ
366 2290 419 2323 καὶ
439 2301 507 2323 om.
529 2302 565 2334 p.
637 2295 649 2313 -2
670 2289 794 2335 ταύτὰ]
818 2291 924 2323 ταῦτα
937 2290 1336 2335 A.F.Y.Q.k.p.S.t.u.x-.
1405 2292 1414 2312 ¹
1436 2289 1510 2336 ἐμέ]
1531 2306 1572 2334 με
1594 2291 1630 2325 S.
1700 2297 1719 2316 U
1740 2291 1800 2325 οὐκ

277 2354 349 2377 om.
371 2355 423 2388 pr.
444 2355 478 2376 V.
629 2347 648 2366 Χ
670 2342 759 2386 ὅμως
778 2343 814 2376 δέ
834 2343 962 2388 φράσω
982 2343 1057 2388 σοι]
1080 2344 1208 2388 φράσω
1229 2344 1266 2377 δέ
1285 2357 1344 2376 σοι
1364 2343 1453 2387 ὅμως
1471 2356 1500 2378 r.
1649 2350 1663 2373 )’
1686 2343 1794 2390 κάγώ]

274 2396 328 2430 καὶ
349 2396 414 2442 ἐγώ
437 2396 472 2430 S.
605 2401 622 2420 Ζ
643 2394 754 2442 οὗτοι]
781 2397 876 2430 αὐτοὶ
896 2396 1182 2435 Ρ.8.Ω.Ο.ῒ.ιι.ν.
1204 2409 1274 2430 om.
1298 2397 1379 2442 Y.p.
1513 2403 1532 2422 a
1552 2397 1793 2442 εὐθενούντων]

274 2448 503 2493 εὐθηνούντων
522 2450 586 2495 k.p
603 2461 702 2483 [ΠΝ.
724 2456 759 2483 et
779 2464 835 2495 γρ.
859 2450 899 2483 Y.
988 2451 991 2470 ³
1023 2449 1256 2495 ἀτυχήμασιν]
1282 2449 1484 2493 ἀδικήμασιν
1503 2463 1530 2484 r.
1624 2456 1641 2476 ὓ
1660 2449 1792 2497 αὑτοῖς]

272 2502 395 2538 αὐτοὺς
413 2515 443 2537 r.
590 2499 610 2527 d
631 2502 931 2547 ὑπολαμβάνοντες
950 2503 1080 2542 F.S.Q.
1113 2503 1286 2544 ὑπελαβον
1306 2503 1387 2549 Y.p.
1422 2504 1623 2550 Legebatur
1642 2504 1795 2547 ὑπελάμ-

270 2558 387 2597 βανον.
529 2562 544 2581 e
566 2556 637 2602 ἐπὶ]
661 2555 732 2590 τότ’
753 2556 808 2590 ἐπὶ
829 2556 1187 2603 F.Y.Q.O.p.r.t.u.v.
1337 2553 1353 2581 f
1371 2557 1503 2591 ἐκείνων
1522 2557 1643 2603 ἀρετὴν
1662 2556 1792 2601 κοσμή-

271 2609 396 2655 σοντα]
419 2609 541 2655 ἀρετὴν
561 2610 694 2643 ἐκείνων
713 2610 935 2654 κοσμήσαντα
954 2623 981 2644 ι’.
1092 2616 1106 2637 ἓ
1126 2610 1222 2656 μήθ’]
1246 2609 1322 2653 μηδ’
1343 2611 1454 2644 A.k‚s.
1566 2608 1585 2635 h
1605 2612 1794 2654 παιωνίζειν

270 2662 547 2697 Α.Ρ.8.Ῡ.1ς,ι·.ε.
579 2662 761 2705 παιανίζειν
781 2665 900 2710 vulgo.
1050 2663 1055 2685 ἰ
1077 2663 1105 2697 δ’
1127 2676 1197 2698 om.
1221 2676 1247 2697 s.
1270 2671 1304 2698 et
1324 2676 1374 2709 pr.
1401 2664 1435 2698 S.
1583 2661 1600 2689 ¹<
1624 2663 1788 2710 ἐλθόντα]

269 2716 432 2752 ἐλθόντας
453 2716 781 2762 F.Y.Q.O.p.t.u.v.
892 2714 902 2742 l
922 2716 1022 2763 μηδὲ]
1048 2718 1100 2751 καὶ
1118 2718 1201 2761 μηδὲ
1222 2717 1493 2763 Y.O.p.r.t.u.v.
1602 2723 1632 2742 ¹¹²
1654 2718 1792 2763 ὑποκρι-

270 2770 428 2815 νόμενον]
454 2770 736 2816 ὑποκρινομένους
757 2771 1130 2816 F‚S.Y.Q.O.p.t.u.V.
1206 2776 1225 2795 ¹¹
1246 2770 1374 2816 ἑώρων]
1400 2772 1511 2816 ἑώρων
1531 2771 1583 2805 καὶ
1604 2771 1648 2805 Ο.
1723 2776 1742 2796 0
1762 2772 1794 2805 οἱ

269 2823 386 2857 addidi
407 2835 449 2857 ex
472 2823 506 2858 S.
646 2829 666 2856 P
687 2823 758 2857 τόθ’
782 2836 851 2858 om.
873 2837 900 2858 s.
1046 2830 1064 2857 q
1085 2825 1124 2858 τὸ
1143 2824 1374 2870 περίδειπνον]
1399 2825 1438 2858 τὸ
1459 2824 1476 2867 ἡ
1498 2825 1554 2858 ἐπὶ
1572 2826 1643 2860 τοῖς
1661 2824 1790 2859 ἀποθα-

269 2879 389 2910 νοῦσιν
418 2876 532 2911 ἑστίας
556 2879 734 2922 γινόμενον
759 2878 975 2923 περίδειπνον
1004 2891 1031 2912 s.
1077 2878 1167 2917 Quae
1198 2878 1383 2912 emendate
1410 2878 1539 2924 scripta
1563 2884 1725 2924 prostant
1754 2878 1790 2912 in

268 2941 379 2976 marg.
401 2931 442 2964 A.
464 2930 482 2973 ἡ
504 2930 559 2964 ἐπὶ
578 2932 648 2965 τοῖς
667 2929 898 2964 ἀποθανοῦσιν
927 2932 1083 2967 ἑστίασις
1110 2932 1280 2978 γινομένη.
1439 2938 1454 2958 ¹⁸
1482 2932 1674 2979 οἰκειοτάτῳ
1702 2931 1787 2977 τῶν]

269 2982 480 3017 οἰκειοτάτων
501 2984 542 3017 Y.
565 2990 599 3018 et
618 2996 670 3029 pr.
693 2996 722 3019 r.
754 2984 948 3032 οἰκειοτάτῳ
970 2985 1004 3019 S.
1155 2991 1169 3010 S
1190 2988 1257 3018 τῶν
1276 2984 1581 3030 τετελευτηκότων]
1606 2987 1677 3021 τοῖς
1693 2998 1788 3019 τετε-

266 3037 449 3079 λευτηκόσι
469 3044 625 3072 correcto
646 3049 672 3071 r.
