<?xml version="1.0" encoding="UTF-8"?>
<!DOCTYPE html PUBLIC "-//W3C//DTD XHTML 1.0 Transitional//EN"
    "http://www.w3.org/TR/xhtml1/DTD/xhtml1-transitional.dtd">
<html xmlns="http://www.w3.org/1999/xhtml" xml:lang="en" lang="en">
 <head>
  <title>
</title>
<meta http-equiv="Content-Type" content="text/html;charset=utf-8" />
  <meta name='ocr-system' content='tesseract 3.04.00' />
  <meta name='ocr-capabilities' content='ocr_page ocr_carea ocr_par ocr_line ocrx_word'/>
</head>
<body>
  <div class='ocr_page' id='page_1' title='image "./operaexrecension01demouoft_0493.png"; bbox 0 0 1903 3271; ppageno 0'>
   <div class='ocr_carea' id='block_1_1' title="bbox 45 171 1679 225">
    <p class='ocr_par' dir='ltr' id='par_1_1' title="bbox 45 171 1679 225">
     <span class='ocr_line' id='line_1_1' title="bbox 45 171 1679 225; baseline 0.002 -14"><span class='ocrx_word' id='word_1_1' title='bbox 45 171 202 225; x_wconf 88' lang='lat'>—438‚</span> <span class='ocrx_word' id='word_1_2' title='bbox 223 189 272 212; x_wconf 80' lang='lat'>14.</span> <span class='ocrx_word' id='word_1_3' title='bbox 542 175 667 211; x_wconf 91' lang='grc' dir='ltr'>ΠΕΡΙ</span> <span class='ocrx_word' id='word_1_4' title='bbox 698 175 809 211; x_wconf 87' lang='grc' dir='ltr'>ΤΗΣ</span> <span class='ocrx_word' id='word_1_5' title='bbox 841 175 1303 214; x_wconf 85' lang='grc' dir='ltr'><strong>ΠΑΡΑΠΡΕΣΒΕΙΑΣ.</strong></span> <span class='ocrx_word' id='word_1_6' title='bbox 1597 174 1679 215; x_wconf 78' lang='lat'>463</span> 
     </span>
    </p>
   </div>
   <div class='ocr_carea' id='block_1_2' title="bbox 78 282 1730 350">
    <p class='ocr_par' dir='ltr' id='par_1_2' title="bbox 78 282 1730 350">
     <span class='ocr_line' id='line_1_2' title="bbox 78 282 1730 350; baseline 0.004 -18"><span class='ocrx_word' id='word_1_7' title='bbox 78 306 158 348; x_wconf 85' lang='lat'>343</span> <span class='ocrx_word' id='word_1_8' title='bbox 239 282 350 333; x_wconf 82' lang='grc' dir='ltr'>’Έτι</span> <span class='ocrx_word' id='word_1_9' title='bbox 387 284 541 333; x_wconf 84' lang='grc' dir='ltr'>τοίνυν</span> <span class='ocrx_word' id='word_1_10' title='bbox 566 282 652 333; x_wconf 77' lang='grc' dir='ltr'>κᾶν</span> <span class='ocrx_word' id='word_1_11' title='bbox 684 285 764 334; x_wconf 74' lang='grc' dir='ltr'>ἀπ’</span> <span class='ocrx_word' id='word_1_12' title='bbox 793 284 1086 348; x_wconf 78' lang='grc' dir='ltr'>ἀνθρωπίνου</span> <span class='ocrx_word' id='word_1_13' title='bbox 1121 292 1358 350; x_wconf 82' lang='grc' dir='ltr'>λογισμοῦ</span> <span class='ocrx_word' id='word_1_14' title='bbox 1394 289 1538 337; x_wconf 81' lang='grc' dir='ltr'>1Γτοῦτ’</span> <span class='ocrx_word' id='word_1_15' title='bbox 1567 288 1677 338; x_wconf 78' lang='grc' dir='ltr'>5ἰ’δοι</span> <span class='ocrx_word' id='word_1_16' title='bbox 1695 308 1730 337; x_wconf 85' lang='lat'>15</span> 
     </span>
    </p>
   </div>
   <div class='ocr_carea' id='block_1_3' title="bbox 962 367 1680 435">
    <p class='ocr_par' dir='ltr' id='par_1_3' title="bbox 962 367 1680 435">
     <span class='ocr_line' id='line_1_3' title="bbox 962 367 1680 435; baseline 0.007 -20"><span class='ocrx_word' id='word_1_17' title='bbox 962 367 978 416; x_wconf 76' lang='grc' dir='ltr'><em>ἶ</em></span> <span class='ocrx_word' id='word_1_18' title='bbox 1005 368 1358 433; x_wconf 59' lang='grc' dir='ltr'>ἴφοβερώτατον</span> <span class='ocrx_word' id='word_1_19' title='bbox 1384 369 1437 419; x_wconf 82' lang='grc' dir='ltr'>τὸ</span> <span class='ocrx_word' id='word_1_20' title='bbox 1464 369 1546 419; x_wconf 80' lang='grc' dir='ltr'>τὸν</span> <span class='ocrx_word' id='word_1_21' title='bbox 1565 393 1680 435; x_wconf 92' lang='grc' dir='ltr'>προ-</span> 
     </span>
    </p>
   </div>
   <div class='ocr_carea' id='block_1_4' title="bbox 173 447 1676 514">
    <p class='ocr_par' dir='ltr' id='par_1_4' title="bbox 173 447 1676 514">
     <span class='ocr_line' id='line_1_4' title="bbox 173 447 1676 514; baseline 0.004 -16"><span class='ocrx_word' id='word_1_22' title='bbox 173 447 404 512; x_wconf 85' lang='grc' dir='ltr'>εστηκότα</span> <span class='ocrx_word' id='word_1_23' title='bbox 439 451 518 499; x_wconf 82' lang='grc' dir='ltr'>ἐᾶν</span> <span class='ocrx_word' id='word_1_24' title='bbox 544 453 707 499; x_wconf 79' lang='grc' dir='ltr'>οἰκεῖον</span> <span class='ocrx_word' id='word_1_25' title='bbox 733 451 980 514; x_wconf 86' lang='grc' dir='ltr'>γίγνεσθαι</span> <span class='ocrx_word' id='word_1_26' title='bbox 1013 454 1109 502; x_wconf 82' lang='grc' dir='ltr'>τοῖς</span> <span class='ocrx_word' id='word_1_27' title='bbox 1135 449 1198 514; x_wconf 86' lang='grc' dir='ltr'>μὴ</span> <span class='ocrx_word' id='word_1_28' title='bbox 1222 456 1315 501; x_wconf 82' lang='grc' dir='ltr'>τῶν</span> <span class='ocrx_word' id='word_1_29' title='bbox 1341 453 1492 502; x_wconf 82' lang='grc' dir='ltr'>αὐτῶν</span> <span class='ocrx_word' id='word_1_30' title='bbox 1517 455 1676 504; x_wconf 80' lang='grc' dir='ltr'>ε’πιθυ·</span> 
     </span>
    </p>
   </div>
   <div class='ocr_carea' id='block_1_5' title="bbox 174 365 961 432">
    <p class='ocr_par' dir='ltr' id='par_1_5' title="bbox 174 365 961 432">
     <span class='ocr_line' id='line_1_5' title="bbox 174 365 961 432; baseline 0 -16"><span class='ocrx_word' id='word_1_31' title='bbox 174 389 256 428; x_wconf 93' lang='grc' dir='ltr'>τις,</span> <span class='ocrx_word' id='word_1_32' title='bbox 283 366 353 416; x_wconf 81' lang='grc' dir='ltr'>ὅτι</span> <span class='ocrx_word' id='word_1_33' title='bbox 378 365 568 417; x_wconf 86' lang='grc' dir='ltr'>πάντων</span> <span class='ocrx_word' id='word_1_34' title='bbox 595 366 878 432; x_wconf 84' lang='grc' dir='ltr'>ἐχθρότατον</span> <span class='ocrx_word' id='word_1_35' title='bbox 903 389 961 416; x_wconf 92' lang='grc' dir='ltr'>κα</span> 
     </span>
    </p>
   </div>
   <div class='ocr_carea' id='block_1_6' title="bbox 80 530 1783 2353">
    <p class='ocr_par' dir='ltr' id='par_1_6' title="bbox 80 530 1783 2353">
     <span class='ocr_line' id='line_1_6' title="bbox 171 530 1681 601; baseline 0.004 -20"><span class='ocrx_word' id='word_1_36' title='bbox 171 538 317 595; x_wconf 86' lang='grc' dir='ltr'>μοῦσι</span> <span class='ocrx_word' id='word_1_37' title='bbox 351 536 417 600; x_wconf 75' lang='grc' dir='ltr'>τῷ</span> <span class='ocrx_word' id='word_1_38' title='bbox 455 530 600 600; x_wconf 79' lang='grc' dir='ltr'>δήμῳ.</span> <span class='ocrx_word' id='word_1_39' title='bbox 645 534 742 582; x_wconf 88' lang='grc' dir='ltr'>τίσι</span> <span class='ocrx_word' id='word_1_40' title='bbox 777 531 870 597; x_wconf 79' lang='grc' dir='ltr'>γὰρ</span> <span class='ocrx_word' id='word_1_41' title='bbox 905 537 999 582; x_wconf 85' lang='grc' dir='ltr'>τῶν</span> <span class='ocrx_word' id='word_1_42' title='bbox 1029 533 1322 598; x_wconf 85' lang='grc' dir='ltr'>πραγμάτων</span> <span class='ocrx_word' id='word_1_43' title='bbox 1349 535 1576 601; x_wconf 85' lang='grc' dir='ltr'>ἐγκρατὴς</span> <span class='ocrx_word' id='word_1_44' title='bbox 1608 537 1681 601; x_wconf 77' lang='grc' dir='ltr'>γε’-</span> 
     </span>
     <span class='ocr_line' id='line_1_7' title="bbox 173 614 1684 685; baseline 0.003 -20"><span class='ocrx_word' id='word_1_45' title='bbox 173 637 282 680; x_wconf 89' lang='grc' dir='ltr'>γονε</span> <span class='ocrx_word' id='word_1_46' title='bbox 327 616 565 668; x_wconf 82' lang='grc' dir='ltr'>Φίλιππος</span> <span class='ocrx_word' id='word_1_47' title='bbox 616 614 849 675; x_wconf 85' lang='grc' dir='ltr'>ἁπάντων,</span> <span class='ocrx_word' id='word_1_48' title='bbox 891 617 965 665; x_wconf 77' lang='grc' dir='ltr'>καὶ</span> <span class='ocrx_word' id='word_1_49' title='bbox 1010 617 1108 666; x_wconf 88' lang='grc' dir='ltr'>τίσι</span> <span class='ocrx_word' id='word_1_50' title='bbox 1151 616 1210 666; x_wconf 81' lang='grc' dir='ltr'>τὰ</span> <span class='ocrx_word' id='word_1_51' title='bbox 1251 617 1455 682; x_wconf 78' lang='grc' dir='ltr'>μέγιστα</span> <span class='ocrx_word' id='word_1_52' title='bbox 1506 620 1684 685; x_wconf 84' lang='grc' dir='ltr'>κατείρ-</span> 
     </span>
     <span class='ocr_line' id='line_1_8' title="bbox 175 699 1738 769; baseline 0.001 -19"><span class='ocrx_word' id='word_1_53' title='bbox 175 722 351 765; x_wconf 91' lang='grc' dir='ltr'>γασται</span> <span class='ocrx_word' id='word_1_54' title='bbox 408 703 502 749; x_wconf 82' lang='grc' dir='ltr'>τῶν</span> <span class='ocrx_word' id='word_1_55' title='bbox 550 699 905 764; x_wconf 76' lang='grc' dir='ltr'>πεπραγμένων,</span> <span class='ocrx_word' id='word_1_56' title='bbox 955 700 1222 767; x_wconf 78' lang='grc' dir='ltr'>σκέψασθε.</span> <span class='ocrx_word' id='word_1_57' title='bbox 1287 706 1352 769; x_wconf 75' lang='grc' dir='ltr'>τῷ</span> <span class='ocrx_word' id='word_1_58' title='bbox 1412 701 1541 768; x_wconf 78' lang='grc' dir='ltr'>παρὰ</span> <span class='ocrx_word' id='word_1_59' title='bbox 1591 707 1684 752; x_wconf 80' lang='grc' dir='ltr'>τῶν</span> <span class='ocrx_word' id='word_1_60' title='bbox 1700 730 1738 751; x_wconf 85' lang='lat'>20</span> 
     </span>
     <span class='ocr_line' id='line_1_9' title="bbox 176 781 1686 851; baseline 0.002 -17"><span class='ocrx_word' id='word_1_61' title='bbox 176 782 462 834; x_wconf 83' lang='grc' dir='ltr'>πωλούντων</span> <span class='ocrx_word' id='word_1_62' title='bbox 488 781 570 835; x_wconf 80' lang='grc' dir='ltr'>τὰς</span> <span class='ocrx_word' id='word_1_63' title='bbox 595 782 788 850; x_wconf 74' lang='grc' dir='ltr'>πράξεις</span> <span class='ocrx_word' id='word_1_64' title='bbox 815 785 1047 844; x_wconf 82' lang='grc' dir='ltr'>ὠνεῖσθαι,</span> <span class='ocrx_word' id='word_1_65' title='bbox 1073 786 1140 851; x_wconf 74' lang='grc' dir='ltr'>τῷ</span> <span class='ocrx_word' id='word_1_66' title='bbox 1164 790 1186 809; x_wconf 72' lang='lat' dir='ltr'>u</span> <span class='ocrx_word' id='word_1_67' title='bbox 1203 783 1310 836; x_wconf 71' lang='grc' dir='ltr'>τοὺς</span> <span class='ocrx_word' id='word_1_68' title='bbox 1334 784 1686 850; x_wconf 80' lang='grc' dir='ltr'>προεστηκότας</span> 
     </span>
     <span class='ocr_line' id='line_1_10' title="bbox 80 864 1686 932; baseline -0.001 -12"><span class='ocrx_word' id='word_1_69' title='bbox 80 868 225 920; x_wconf 77' lang='lat' dir='ltr'><strong>344e&#39;v</strong></span> <span class='ocrx_word' id='word_1_70' title='bbox 262 871 361 919; x_wconf 85' lang='grc' dir='ltr'>ταῖς</span> <span class='ocrx_word' id='word_1_71' title='bbox 398 864 573 917; x_wconf 88' lang='grc' dir='ltr'>πόλεσι</span> <span class='ocrx_word' id='word_1_72' title='bbox 609 867 891 932; x_wconf 81' lang='grc' dir='ltr'>διαφθείρειν</span> <span class='ocrx_word' id='word_1_73' title='bbox 927 868 1001 916; x_wconf 80' lang='grc' dir='ltr'>καὶ</span> <span class='ocrx_word' id='word_1_74' title='bbox 1035 867 1251 931; x_wconf 81' lang='grc' dir='ltr'>ἐπαίρειν,</span> <span class='ocrx_word' id='word_1_75' title='bbox 1278 867 1496 920; x_wconf 60' lang='grc' dir='ltr'>ντούτοις.</span> <span class='ocrx_word' id='word_1_76' title='bbox 1539 874 1686 918; x_wconf 80' lang='grc' dir='ltr'>ταῦτα</span> 
     </span>
     <span class='ocr_line' id='line_1_11' title="bbox 176 949 1687 1018; baseline 0.001 -18"><span class='ocrx_word' id='word_1_77' title='bbox 176 952 330 1001; x_wconf 86' lang='grc' dir='ltr'>τοίνυν</span> <span class='ocrx_word' id='word_1_78' title='bbox 371 951 443 1016; x_wconf 86' lang='grc' dir='ltr'>ἐφ’</span> <span class='ocrx_word' id='word_1_79' title='bbox 481 952 624 1012; x_wconf 67' lang='grc' dir='ltr'>Χὺμῖν</span> <span class='ocrx_word' id='word_1_80' title='bbox 659 952 788 1000; x_wconf 75' lang='grc' dir='ltr'>ἐστὶν</span> <span class='ocrx_word' id='word_1_81' title='bbox 827 949 1083 1016; x_wconf 81' lang='grc' dir='ltr'>ἀμφότερα,</span> <span class='ocrx_word' id='word_1_82' title='bbox 1119 950 1198 1000; x_wconf 79' lang='grc' dir='ltr'>ἐὰν</span> <span class='ocrx_word' id='word_1_83' title='bbox 1228 951 1489 1014; x_wconf 79' lang='grc' dir='ltr'>βούλησθε,</span> <span class='ocrx_word' id='word_1_84' title='bbox 1524 955 1687 1018; x_wconf 82' lang='grc' dir='ltr'>ἀχρεῖα</span> 
     </span>
     <span class='ocr_line' id='line_1_12' title="bbox 175 1032 1739 1099; baseline 0 -14"><span class='ocrx_word' id='word_1_85' title='bbox 175 1037 371 1097; x_wconf 83' lang='grc' dir='ltr'>ποιῆσαι</span> <span class='ocrx_word' id='word_1_86' title='bbox 409 1032 622 1099; x_wconf 80' lang='grc' dir='ltr'>τήμερον,</span> <span class='ocrx_word' id='word_1_87' title='bbox 651 1032 743 1083; x_wconf 62' lang='grc' dir='ltr'>Ῡᾶν</span> <span class='ocrx_word' id='word_1_88' title='bbox 774 1041 791 1059; x_wconf 80' lang='lat'>²</span> <span class='ocrx_word' id='word_1_89' title='bbox 812 1038 905 1084; x_wconf 82' lang='grc' dir='ltr'>τῶν</span> <span class='ocrx_word' id='word_1_90' title='bbox 930 1034 1014 1096; x_wconf 76' lang='grc' dir='ltr'>μὲν</span> <span class='ocrx_word' id='word_1_91' title='bbox 1040 1033 1103 1097; x_wconf 83' lang='grc' dir='ltr'>μὴ</span> <span class='ocrx_word' id='word_1_92' title='bbox 1131 1035 1319 1098; x_wconf 75' lang='grc' dir='ltr'>ἐθέλητε</span> <span class='ocrx_word' id='word_1_93' title='bbox 1356 1035 1536 1086; x_wconf 83' lang='grc' dir='ltr'>ἀκούειν</span> <span class='ocrx_word' id='word_1_94' title='bbox 1567 1041 1687 1089; x_wconf 55' lang='grc' dir='ltr'>ῧτοῖς</span> <span class='ocrx_word' id='word_1_95' title='bbox 1702 1064 1739 1095; x_wconf 85' lang='lat'>²5</span> 
     </span>
     <span class='ocr_line' id='line_1_13' title="bbox 177 1117 1689 1186; baseline 0.003 -18"><span class='ocrx_word' id='word_1_96' title='bbox 177 1117 400 1171; x_wconf 79' lang='grc' dir='ltr'>τοιούτοις</span> <span class='ocrx_word' id='word_1_97' title='bbox 438 1117 841 1183; x_wconf 86' lang='grc' dir='ltr'>συνηγορούντων,</span> <span class='ocrx_word' id='word_1_98' title='bbox 876 1119 986 1167; x_wconf 85' lang='grc' dir='ltr'>ἀλλ’</span> <span class='ocrx_word' id='word_1_99' title='bbox 1023 1118 1277 1186; x_wconf 74' lang='grc' dir='ltr'>ἐπιδείξητε</span> <span class='ocrx_word' id='word_1_100' title='bbox 1317 1119 1513 1184; x_wconf 76' lang='grc' dir='ltr'>ἀκύρους</span> <span class='ocrx_word' id='word_1_101' title='bbox 1552 1118 1689 1173; x_wconf 75' lang='grc' dir='ltr'>ὄντας</span> 
     </span>
     <span class='ocr_line' id='line_1_14' title="bbox 178 1200 1688 1270; baseline 0.001 -18"><span class='ocrx_word' id='word_1_102' title='bbox 178 1200 337 1264; x_wconf 54' lang='grc' dir='ltr'>δὺμῶν</span> <span class='ocrx_word' id='word_1_103' title='bbox 379 1202 481 1263; x_wconf 85' lang='grc' dir='ltr'>(νῦν</span> <span class='ocrx_word' id='word_1_104' title='bbox 520 1200 615 1266; x_wconf 85' lang='grc' dir='ltr'>γάρ</span> <span class='ocrx_word' id='word_1_105' title='bbox 656 1205 807 1269; x_wconf 85' lang='grc' dir='ltr'>φασιν</span> <span class='ocrx_word' id='word_1_106' title='bbox 852 1200 965 1252; x_wconf 78' lang='grc' dir='ltr'>εἶναι</span> <span class='ocrx_word' id='word_1_107' title='bbox 1009 1203 1193 1270; x_wconf 85' lang='grc' dir='ltr'>κύριοι),</span> <span class='ocrx_word' id='word_1_108' title='bbox 1228 1202 1310 1252; x_wconf 80' lang='grc' dir='ltr'>τὸν</span> <span class='ocrx_word' id='word_1_109' title='bbox 1351 1202 1399 1252; x_wconf 80' lang='grc' dir='ltr'>δὲ</span> <span class='ocrx_word' id='word_1_110' title='bbox 1433 1202 1688 1269; x_wconf 85' lang='grc' dir='ltr'>πεπρακόθ’</span> 
     </span>
     <span class='ocr_line' id='line_1_15' title="bbox 84 1283 1689 1349; baseline 0.001 -14"><span class='ocrx_word' id='word_1_111' title='bbox 84 1297 167 1338; x_wconf 83' lang='lat'>345</span> <span class='ocrx_word' id='word_1_112' title='bbox 181 1283 344 1336; x_wconf 78' lang='grc' dir='ltr'>ἑαυτὸν</span> <span class='ocrx_word' id='word_1_113' title='bbox 395 1285 647 1349; x_wconf 87' lang='grc' dir='ltr'>κολάσητε,</span> <span class='ocrx_word' id='word_1_114' title='bbox 691 1287 767 1334; x_wconf 74' lang='grc' dir='ltr'>καὶ</span> <span class='ocrx_word' id='word_1_115' title='bbox 811 1287 966 1336; x_wconf 57' lang='grc' dir='ltr'>ςτοῦθ’</span> <span class='ocrx_word' id='word_1_116' title='bbox 1019 1283 1253 1339; x_wconf 62' lang='grc' dir='ltr'>(Ῑᾶπαντες</span> <span class='ocrx_word' id='word_1_117' title='bbox 1303 1286 1482 1336; x_wconf 79' lang='grc' dir='ltr'>ἴδωσιν.</span> <span class='ocrx_word' id='word_1_118' title='bbox 1550 1289 1689 1338; x_wconf 79' lang='grc' dir='ltr'>παντὶ</span> 
     </span>
     <span class='ocr_line' id='line_1_16' title="bbox 179 1366 1783 1434; baseline 0.001 -16"><span class='ocrx_word' id='word_1_119' title='bbox 179 1367 265 1432; x_wconf 77' lang='grc' dir='ltr'>μὲν</span> <span class='ocrx_word' id='word_1_120' title='bbox 290 1367 384 1434; x_wconf 79' lang='grc' dir='ltr'>γὰρ</span> <span class='ocrx_word' id='word_1_121' title='bbox 411 1367 596 1420; x_wconf 79' lang='grc' dir='ltr'>εἰκότως</span> <span class='ocrx_word' id='word_1_122' title='bbox 621 1366 703 1418; x_wconf 61' lang='grc' dir='ltr'>θᾶν</span> <span class='ocrx_word' id='word_1_123' title='bbox 730 1368 1036 1433; x_wconf 82' lang='grc' dir='ltr'>ὀργισθειήτε,</span> <span class='ocrx_word' id='word_1_124' title='bbox 1064 1367 1099 1418; x_wconf 78' lang='grc' dir='ltr'><em>ὦ</em></span> <span class='ocrx_word' id='word_1_125' title='bbox 1126 1369 1288 1434; x_wconf 76' lang='grc' dir='ltr'>ἄνδρες</span> <span class='ocrx_word' id='word_1_126' title='bbox 1314 1370 1567 1433; x_wconf 83' lang='grc' dir='ltr'>Ἀθηναῖοι,</span> <span class='ocrx_word' id='word_1_127' title='bbox 1594 1393 1687 1420; x_wconf 90' lang='grc' dir='ltr'>τοι-</span> <span class='ocrx_word' id='word_1_128' title='bbox 1701 1375 1783 1428; x_wconf 83' lang='lat'>438</span> 
     </span>
     <span class='ocr_line' id='line_1_17' title="bbox 181 1448 1686 1518; baseline -0.001 -17"><span class='ocrx_word' id='word_1_129' title='bbox 181 1457 299 1501; x_wconf 88' lang='grc' dir='ltr'>αῦτα</span> <span class='ocrx_word' id='word_1_130' title='bbox 347 1449 618 1513; x_wconf 89' lang='grc' dir='ltr'>πεποιηκότι</span> <span class='ocrx_word' id='word_1_131' title='bbox 669 1452 743 1500; x_wconf 77' lang='grc' dir='ltr'>καὶ</span> <span class='ocrx_word' id='word_1_132' title='bbox 793 1448 1105 1515; x_wconf 83' lang='grc' dir='ltr'>προδεδωκότι</span> <span class='ocrx_word' id='word_1_133' title='bbox 1153 1450 1433 1516; x_wconf 76' lang='grc' dir='ltr'>συμμάχους</span> <span class='ocrx_word' id='word_1_134' title='bbox 1477 1453 1552 1500; x_wconf 78' lang='grc' dir='ltr'>καὶ</span> <span class='ocrx_word' id='word_1_135' title='bbox 1603 1450 1686 1518; x_wconf 84' lang='grc' dir='ltr'>φί-</span> 
     </span>
     <span class='ocr_line' id='line_1_18' title="bbox 181 1531 1691 1599; baseline 0 -14"><span class='ocrx_word' id='word_1_136' title='bbox 181 1542 295 1588; x_wconf 90' lang='grc' dir='ltr'>λους</span> <span class='ocrx_word' id='word_1_137' title='bbox 335 1536 410 1584; x_wconf 79' lang='grc' dir='ltr'>καὶ</span> <span class='ocrx_word' id='word_1_138' title='bbox 449 1532 647 1599; x_wconf 72' lang='grc' dir='ltr'>καιροὺς,</span> <span class='ocrx_word' id='word_1_139' title='bbox 692 1535 790 1595; x_wconf 85' lang='grc' dir='ltr'>μεθ’</span> <span class='ocrx_word' id='word_1_140' title='bbox 831 1532 895 1583; x_wconf 80' lang='grc' dir='ltr'>ὧν</span> <span class='ocrx_word' id='word_1_141' title='bbox 935 1531 963 1596; x_wconf 77' lang='grc' dir='ltr'>ἢ</span> <span class='ocrx_word' id='word_1_142' title='bbox 1010 1538 1166 1587; x_wconf 84' lang='grc' dir='ltr'>καλῶς</span> <span class='ocrx_word' id='word_1_143' title='bbox 1208 1532 1236 1597; x_wconf 82' lang='grc' dir='ltr'>ὴ</span> <span class='ocrx_word' id='word_1_144' title='bbox 1282 1538 1433 1586; x_wconf 83' lang='grc' dir='ltr'>κακῶς</span> <span class='ocrx_word' id='word_1_145' title='bbox 1477 1533 1691 1586; x_wconf 80' lang='grc' dir='ltr'>ἑκάστοις</span> 
     </span>
     <span class='ocr_line' id='line_1_19' title="bbox 181 1615 1690 1685; baseline -0.001 -17"><span class='ocrx_word' id='word_1_146' title='bbox 181 1619 273 1685; x_wconf 81' lang='grc' dir='ltr'>ἕχει</span> <span class='ocrx_word' id='word_1_147' title='bbox 310 1617 369 1668; x_wconf 76' lang='grc' dir='ltr'>τὰ</span> <span class='ocrx_word' id='word_1_148' title='bbox 402 1616 570 1679; x_wconf 88' lang='grc' dir='ltr'>πάντα,</span> <span class='ocrx_word' id='word_1_149' title='bbox 598 1618 650 1667; x_wconf 84' lang='grc' dir='ltr'>οὐ</span> <span class='ocrx_word' id='word_1_150' title='bbox 676 1617 768 1681; x_wconf 87' lang='grc' dir='ltr'>μὴν</span> <span class='ocrx_word' id='word_1_151' title='bbox 796 1618 943 1667; x_wconf 77' lang='grc' dir='ltr'>οὐδενὶ</span> <span class='ocrx_word' id='word_1_152' title='bbox 980 1621 1170 1679; x_wconf 82' lang='grc' dir='ltr'>μᾶλλον</span> <span class='ocrx_word' id='word_1_153' title='bbox 1195 1615 1318 1667; x_wconf 57' lang='grc' dir='ltr'>Ῑούδὲ</span> <span class='ocrx_word' id='word_1_154' title='bbox 1354 1615 1636 1683; x_wconf 88' lang='grc' dir='ltr'>δικαιότερον</span> <span class='ocrx_word' id='word_1_155' title='bbox 1661 1616 1690 1681; x_wconf 76' lang='grc' dir='ltr'>ἢ</span> 
     </span>
     <span class='ocr_line' id='line_1_20' title="bbox 181 1698 1720 1769; baseline 0 -17"><span class='ocrx_word' id='word_1_156' title='bbox 181 1701 345 1769; x_wconf 77' lang='grc' dir='ltr'>τούτῳ.</span> <span class='ocrx_word' id='word_1_157' title='bbox 386 1699 435 1754; x_wconf 74' lang='grc' dir='ltr'>ὃς</span> <span class='ocrx_word' id='word_1_158' title='bbox 469 1700 562 1765; x_wconf 81' lang='grc' dir='ltr'>γὰρ</span> <span class='ocrx_word' id='word_1_159' title='bbox 597 1700 761 1751; x_wconf 81' lang='grc' dir='ltr'>ἑαυτὸν</span> <span class='ocrx_word' id='word_1_160' title='bbox 787 1700 933 1768; x_wconf 78' lang='grc' dir='ltr'>τάξας</span> <span class='ocrx_word' id='word_1_161' title='bbox 971 1705 1064 1750; x_wconf 84' lang='grc' dir='ltr'>τῶν</span> <span class='ocrx_word' id='word_1_162' title='bbox 1096 1701 1422 1750; x_wconf 83' lang='grc' dir='ltr'>ἀπιστούντων</span> <span class='ocrx_word' id='word_1_163' title='bbox 1449 1698 1559 1750; x_wconf 79' lang='grc' dir='ltr'>εἶναι</span> <span class='ocrx_word' id='word_1_164' title='bbox 1597 1704 1720 1752; x_wconf 83' lang='grc' dir='ltr'>Φι-5</span> 
     </span>
     <span class='ocr_line' id='line_1_21' title="bbox 182 1783 1693 1853; baseline 0 -17"><span class='ocrx_word' id='word_1_165' title='bbox 182 1787 360 1853; x_wconf 78' lang='grc' dir='ltr'>λίππῳ,</span> <span class='ocrx_word' id='word_1_166' title='bbox 406 1786 480 1835; x_wconf 72' lang='grc' dir='ltr'>καὶ</span> <span class='ocrx_word' id='word_1_167' title='bbox 524 1784 664 1845; x_wconf 87' lang='grc' dir='ltr'>μόνος</span> <span class='ocrx_word' id='word_1_168' title='bbox 711 1787 786 1835; x_wconf 75' lang='grc' dir='ltr'>καὶ</span> <span class='ocrx_word' id='word_1_169' title='bbox 827 1789 1013 1849; x_wconf 81' lang='grc' dir='ltr'>πρῶτος</span> <span class='ocrx_word' id='word_1_170' title='bbox 1057 1783 1166 1834; x_wconf 76' lang='grc' dir='ltr'>ἰδὼν</span> <span class='ocrx_word' id='word_1_171' title='bbox 1210 1783 1280 1834; x_wconf 81' lang='grc' dir='ltr'>ὅτι</span> <span class='ocrx_word' id='word_1_172' title='bbox 1329 1783 1479 1837; x_wconf 80' lang='grc' dir='ltr'>κοινὸς</span> <span class='ocrx_word' id='word_1_173' title='bbox 1526 1783 1693 1850; x_wconf 79' lang='grc' dir='ltr'>ἐχθρὸς</span> 
     </span>
     <span class='ocr_line' id='line_1_22' title="bbox 182 1866 1694 1932; baseline -0.001 -13"><span class='ocrx_word' id='word_1_174' title='bbox 182 1868 376 1922; x_wconf 65' lang='grc' dir='ltr'>ἕέκεῖνός</span> <span class='ocrx_word' id='word_1_175' title='bbox 413 1870 543 1918; x_wconf 87' lang='grc' dir='ltr'>ἐστιν</span> <span class='ocrx_word' id='word_1_176' title='bbox 583 1867 802 1918; x_wconf 85' lang='grc' dir='ltr'>ἁπάντων</span> <span class='ocrx_word' id='word_1_177' title='bbox 843 1872 937 1917; x_wconf 79' lang='grc' dir='ltr'>τῶν</span> <span class='ocrx_word' id='word_1_178' title='bbox 974 1866 1242 1930; x_wconf 64' lang='grc' dir='ltr'>εΕλλήνων,</span> <span class='ocrx_word' id='word_1_179' title='bbox 1284 1866 1584 1932; x_wconf 81' lang='grc' dir='ltr'>ηὐτομόλησε</span> <span class='ocrx_word' id='word_1_180' title='bbox 1619 1869 1694 1917; x_wconf 80' lang='grc' dir='ltr'>καὶ</span> 
     </span>
     <span class='ocr_line' id='line_1_23' title="bbox 182 1948 1693 2019; baseline -0.003 -16"><span class='ocrx_word' id='word_1_181' title='bbox 182 1954 421 2019; x_wconf 80' lang='grc' dir='ltr'>προῦδωκε</span> <span class='ocrx_word' id='word_1_182' title='bbox 460 1953 535 2001; x_wconf 81' lang='grc' dir='ltr'>καὶ</span> <span class='ocrx_word' id='word_1_183' title='bbox 567 1951 758 2016; x_wconf 78' lang='grc' dir='ltr'>γέγονεν</span> <span class='ocrx_word' id='word_1_184' title='bbox 797 1950 1020 2018; x_wconf 77' lang='grc' dir='ltr'>ἐξαίφνης</span> <span class='ocrx_word' id='word_1_185' title='bbox 1059 1948 1172 2014; x_wconf 80' lang='grc' dir='ltr'>ὑπὲρ</span> <span class='ocrx_word' id='word_1_186' title='bbox 1207 1951 1462 2011; x_wconf 83' lang='grc' dir='ltr'>Φιλίππου,</span> <span class='ocrx_word' id='word_1_187' title='bbox 1501 1954 1602 2002; x_wconf 84' lang='grc' dir='ltr'>πῶς</span> <span class='ocrx_word' id='word_1_188' title='bbox 1640 1951 1693 2000; x_wconf 84' lang='grc' dir='ltr'>οὐ</span> 
     </span>
     <span class='ocr_line' id='line_1_24' title="bbox 89 2032 1749 2102; baseline -0.004 -18"><span class='ocrx_word' id='word_1_189' title='bbox 89 2035 420 2098; x_wconf 76' lang='grc' dir='ltr'>346πολλάκις</span> <span class='ocrx_word' id='word_1_190' title='bbox 459 2035 592 2087; x_wconf 76' lang='grc' dir='ltr'>οὗτος</span> <span class='ocrx_word' id='word_1_191' title='bbox 626 2034 754 2102; x_wconf 77' lang='grc' dir='ltr'>ἄξιός</span> <span class='ocrx_word' id='word_1_192' title='bbox 789 2033 916 2084; x_wconf 72' lang='lat' dir='ltr'>he’or’</span> <span class='ocrx_word' id='word_1_193' title='bbox 945 2033 1280 2094; x_wconf 80' lang='grc' dir='ltr'>ἀπολωλέναι;</span> <span class='ocrx_word' id='word_1_194' title='bbox 1325 2032 1456 2082; x_wconf 81' lang='grc' dir='ltr'>ἀλλὰ</span> <span class='ocrx_word' id='word_1_195' title='bbox 1493 2032 1586 2096; x_wconf 87' lang='grc' dir='ltr'>μὴν</span> <span class='ocrx_word' id='word_1_196' title='bbox 1625 2033 1694 2083; x_wconf 82' lang='grc' dir='ltr'>ὅτι</span> <span class='ocrx_word' id='word_1_197' title='bbox 1711 2059 1749 2079; x_wconf 86' lang='lat'>10</span> 
     </span>
     <span class='ocr_line' id='line_1_25' title="bbox 183 2115 1695 2185; baseline -0.001 -15"><span class='ocrx_word' id='word_1_198' title='bbox 183 2121 312 2170; x_wconf 82' lang='grc' dir='ltr'>ταῦθ’</span> <span class='ocrx_word' id='word_1_199' title='bbox 354 2120 499 2171; x_wconf 80' lang='grc' dir='ltr'>οὕτως</span> <span class='ocrx_word' id='word_1_200' title='bbox 540 2118 644 2185; x_wconf 77' lang='grc' dir='ltr'>ἔχει,</span> <span class='ocrx_word' id='word_1_201' title='bbox 680 2116 816 2171; x_wconf 79' lang='grc' dir='ltr'>αὐτὸς</span> <span class='ocrx_word' id='word_1_202' title='bbox 850 2119 936 2183; x_wconf 80' lang='grc' dir='ltr'>οὐχ</span> <span class='ocrx_word' id='word_1_203' title='bbox 970 2115 1061 2169; x_wconf 74' lang='grc' dir='ltr'>οἷός</span> <span class='ocrx_word' id='word_1_204' title='bbox 1097 2139 1145 2166; x_wconf 90' lang='grc' dir='ltr'>τε</span> <span class='ocrx_word' id='word_1_205' title='bbox 1182 2118 1410 2167; x_wconf 81' lang='grc' dir='ltr'>ἀντειπεῖν</span> <span class='ocrx_word' id='word_1_206' title='bbox 1441 2116 1587 2168; x_wconf 75' lang='grc' dir='ltr'>ἔσται.</span> <span class='ocrx_word' id='word_1_207' title='bbox 1626 2118 1695 2169; x_wconf 84' lang='grc' dir='ltr'>τίς</span> 
     </span>
     <span class='ocr_line' id='line_1_26' title="bbox 184 2199 1692 2269; baseline -0.003 -16"><span class='ocrx_word' id='word_1_208' title='bbox 184 2202 278 2269; x_wconf 87' lang='grc' dir='ltr'>γάρ</span> <span class='ocrx_word' id='word_1_209' title='bbox 316 2203 414 2252; x_wconf 86' lang='grc' dir='ltr'>ἐσθ’</span> <span class='ocrx_word' id='word_1_210' title='bbox 444 2203 468 2252; x_wconf 85' lang='grc' dir='ltr'>ὁ</span> <span class='ocrx_word' id='word_1_211' title='bbox 505 2200 587 2252; x_wconf 80' lang='grc' dir='ltr'>τὸν</span> <span class='ocrx_word' id='word_1_212' title='bbox 622 2199 928 2267; x_wconf 73' lang='grc' dir='ltr'>ἱ’Ἴσχανδρον</span> <span class='ocrx_word' id='word_1_213' title='bbox 962 2199 1224 2265; x_wconf 85' lang='grc' dir='ltr'>προσάγων</span> <span class='ocrx_word' id='word_1_214' title='bbox 1259 2202 1364 2262; x_wconf 80' lang='grc' dir='ltr'>ὑμῖν</span> <span class='ocrx_word' id='word_1_215' title='bbox 1398 2200 1451 2250; x_wconf 82' lang='grc' dir='ltr'>τὸ</span> <span class='ocrx_word' id='word_1_216' title='bbox 1479 2201 1576 2250; x_wconf 90' lang='grc' dir='ltr'>κατ’</span> <span class='ocrx_word' id='word_1_217' title='bbox 1605 2202 1692 2265; x_wconf 82' lang='grc' dir='ltr'>ἀρ-</span> 
     </span>
     <span class='ocr_line' id='line_1_27' title="bbox 184 2283 1694 2353; baseline -0.001 -18"><span class='ocrx_word' id='word_1_218' title='bbox 184 2285 286 2353; x_wconf 82' lang='grc' dir='ltr'>χὰς,</span> <span class='ocrx_word' id='word_1_219' title='bbox 328 2284 381 2335; x_wconf 71' lang='grc' dir='ltr'>ὃν</span> <span class='ocrx_word' id='word_1_220' title='bbox 420 2284 551 2351; x_wconf 80' lang='grc' dir='ltr'>παρὰ</span> <span class='ocrx_word' id='word_1_221' title='bbox 597 2289 690 2334; x_wconf 84' lang='grc' dir='ltr'>τῶν</span> <span class='ocrx_word' id='word_1_222' title='bbox 732 2287 779 2334; x_wconf 86' lang='grc' dir='ltr'>ἐν</span> <span class='ocrx_word' id='word_1_223' title='bbox 822 2285 1049 2352; x_wconf 75' lang='grc' dir='ltr'>Ἀρκαδίᾳ</span> <span class='ocrx_word' id='word_1_224' title='bbox 1095 2285 1251 2350; x_wconf 82' lang='grc' dir='ltr'>φίλων</span> <span class='ocrx_word' id='word_1_225' title='bbox 1292 2288 1349 2350; x_wconf 84' lang='grc' dir='ltr'>τῇ</span> <span class='ocrx_word' id='word_1_226' title='bbox 1394 2283 1530 2334; x_wconf 91' lang='grc' dir='ltr'>πόλει</span> <span class='ocrx_word' id='word_1_227' title='bbox 1576 2285 1694 2350; x_wconf 83' lang='grc' dir='ltr'>δεῦρ’</span> 
     </span>
    </p>
   </div>
   <div class='ocr_carea' id='block_1_7' title="bbox 184 2366 1691 2437">
    <p class='ocr_par' dir='ltr' id='par_1_7' title="bbox 184 2366 1691 2437">
     <span class='ocr_line' id='line_1_28' title="bbox 184 2366 1691 2437; baseline -0.001 -17"><span class='ocrx_word' id='word_1_228' title='bbox 184 2370 310 2433; x_wconf 83' lang='grc' dir='ltr'>ἥκειν</span> <span class='ocrx_word' id='word_1_229' title='bbox 336 2369 427 2437; x_wconf 76' lang='grc' dir='ltr'>ἔφη</span> <span class='ocrx_word' id='word_1_230' title='bbox 449 2391 460 2430; x_wconf 82' lang='lat'>3</span> <span class='ocrx_word' id='word_1_231' title='bbox 505 2369 573 2422; x_wconf 81' lang='grc' dir='ltr'>τίς</span> <span class='ocrx_word' id='word_1_232' title='bbox 600 2369 624 2417; x_wconf 85' lang='grc' dir='ltr'>ὁ</span> <span class='ocrx_word' id='word_1_233' title='bbox 651 2367 1026 2433; x_wconf 72' lang='grc' dir='ltr'>συσκευάζεσθαι</span> <span class='ocrx_word' id='word_1_234' title='bbox 1065 2366 1149 2430; x_wconf 83' lang='grc' dir='ltr'>τὴν</span> <span class='ocrx_word' id='word_1_235' title='bbox 1175 2366 1396 2417; x_wconf 80' lang='grc' dir='ltr'>Ἑλλάδα</span> <span class='ocrx_word' id='word_1_236' title='bbox 1429 2370 1504 2418; x_wconf 77' lang='grc' dir='ltr'>καὶ</span> <span class='ocrx_word' id='word_1_237' title='bbox 1534 2371 1691 2418; x_wconf 86' lang='grc' dir='ltr'>Πελο-</span> 
     </span>
    </p>
   </div>
   <div class='ocr_carea' id='block_1_8' title="bbox 188 2533 1700 2634">
    <p class='ocr_par' dir='ltr' id='par_1_8' title="bbox 188 2533 1700 2634">
     <span class='ocr_line' id='line_1_29' title="bbox 242 2533 1697 2581; baseline 0 -12"><span class='ocrx_word' id='word_1_238' title='bbox 242 2542 257 2560; x_wconf 84' lang='lat'>1&#39;</span> <span class='ocrx_word' id='word_1_239' title='bbox 275 2535 364 2570; x_wconf 74' lang='grc' dir='ltr'>τοῦτ’</span> <span class='ocrx_word' id='word_1_240' title='bbox 386 2548 457 2571; x_wconf 87' lang='lat' dir='ltr'>om.</span> <span class='ocrx_word' id='word_1_241' title='bbox 478 2548 532 2580; x_wconf 85' lang='lat' dir='ltr'>pr.</span> <span class='ocrx_word' id='word_1_242' title='bbox 555 2548 586 2569; x_wconf 80' lang='lat' dir='ltr'>V.</span> <span class='ocrx_word' id='word_1_243' title='bbox 618 2538 718 2568; x_wconf 71' lang='grc' dir='ltr'>τοῦτο</span> <span class='ocrx_word' id='word_1_244' title='bbox 739 2536 773 2568; x_wconf 88' lang='lat' dir='ltr'>in</span> <span class='ocrx_word' id='word_1_245' title='bbox 794 2547 903 2580; x_wconf 73' lang='lat' dir='ltr'>marg.</span> <span class='ocrx_word' id='word_1_246' title='bbox 925 2536 1029 2569; x_wconf 83' lang='lat' dir='ltr'>habet</span> <span class='ocrx_word' id='word_1_247' title='bbox 1049 2537 1089 2569; x_wconf 83' lang='lat' dir='ltr'>A.</span> <span class='ocrx_word' id='word_1_248' title='bbox 1188 2543 1200 2561; x_wconf 64' lang='lat' dir='ltr'>S</span> <span class='ocrx_word' id='word_1_249' title='bbox 1220 2534 1304 2581; x_wconf 70' lang='grc' dir='ltr'>ἴδοι]</span> <span class='ocrx_word' id='word_1_250' title='bbox 1331 2534 1382 2578; x_wconf 77' lang='grc' dir='ltr'>ἴδη</span> <span class='ocrx_word' id='word_1_251' title='bbox 1404 2548 1431 2569; x_wconf 87' lang='lat' dir='ltr'>S.</span> <span class='ocrx_word' id='word_1_252' title='bbox 1463 2533 1502 2568; x_wconf 82' lang='grc' dir='ltr'>ἂν</span> <span class='ocrx_word' id='word_1_253' title='bbox 1521 2534 1587 2568; x_wconf 76' lang='grc' dir='ltr'>ἰ’δοι</span> <span class='ocrx_word' id='word_1_254' title='bbox 1608 2535 1697 2574; x_wconf 46' lang='grc' dir='ltr'>ΡΗΩ</span> 
     </span>
     <span class='ocr_line' id='line_1_30' title="bbox 188 2588 1700 2634; baseline -0.001 -12"><span class='ocrx_word' id='word_1_255' title='bbox 188 2589 203 2614; x_wconf 72' lang='lat' dir='ltr'><strong>t</strong></span> <span class='ocrx_word' id='word_1_256' title='bbox 231 2588 490 2634; x_wconf 80' lang='grc' dir='ltr'>φοβερώτατον]</span> <span class='ocrx_word' id='word_1_257' title='bbox 513 2590 756 2634; x_wconf 77' lang='grc' dir='ltr'>φοβερώτατόν</span> <span class='ocrx_word' id='word_1_258' title='bbox 776 2588 853 2621; x_wconf 79' lang='grc' dir='ltr'>ἐστι</span> <span class='ocrx_word' id='word_1_259' title='bbox 872 2589 1021 2622; x_wconf 81' lang='lat' dir='ltr'>A.k.l·.S.</span> <span class='ocrx_word' id='word_1_260' title='bbox 1179 2594 1199 2612; x_wconf 76' lang='lat' dir='ltr'><strong>u</strong></span> <span class='ocrx_word' id='word_1_261' title='bbox 1228 2589 1306 2623; x_wconf 79' lang='grc' dir='ltr'>τοὺς</span> <span class='ocrx_word' id='word_1_262' title='bbox 1333 2589 1700 2633; x_wconf 79' lang='grc' dir='ltr'>προεστηκότας-τὸν</span> 
     </span>
    </p>
   </div>
   <div class='ocr_carea' id='block_1_9' title="bbox 187 2637 1698 2740">
    <p class='ocr_par' dir='ltr' id='par_1_9' title="bbox 187 2637 1698 2740">
     <span class='ocr_line' id='line_1_31' title="bbox 187 2637 1698 2687; baseline -0.001 -12"><span class='ocrx_word' id='word_1_263' title='bbox 187 2641 410 2687; x_wconf 83' lang='grc' dir='ltr'>Ἀτρεστίδαν</span> <span class='ocrx_word' id='word_1_264' title='bbox 430 2642 478 2687; x_wconf 84' lang='lat' dir='ltr'>(p.</span> <span class='ocrx_word' id='word_1_265' title='bbox 500 2653 589 2687; x_wconf 84' lang='lat'><em>440,</em></span> <span class='ocrx_word' id='word_1_266' title='bbox 611 2641 681 2686; x_wconf 77' lang='lat'>4.)]</span> <span class='ocrx_word' id='word_1_267' title='bbox 709 2641 794 2675; x_wconf 76' lang='lat' dir='ltr'>Haec</span> <span class='ocrx_word' id='word_1_268' title='bbox 821 2642 947 2675; x_wconf 76' lang='lat' dir='ltr'>desunt</span> <span class='ocrx_word' id='word_1_269' title='bbox 968 2654 1001 2675; x_wconf 90' lang='lat' dir='ltr'>u.</span> <span class='ocrx_word' id='word_1_270' title='bbox 1022 2641 1107 2674; x_wconf 85' lang='lat' dir='ltr'>folio</span> <span class='ocrx_word' id='word_1_271' title='bbox 1128 2653 1198 2675; x_wconf 83' lang='lat' dir='ltr'>uuo</span> <span class='ocrx_word' id='word_1_272' title='bbox 1218 2653 1348 2674; x_wconf 76' lang='lat' dir='ltr'>vacuo:</span> <span class='ocrx_word' id='word_1_273' title='bbox 1380 2637 1443 2674; x_wconf 76' lang='grc' dir='ltr'>ὧδε</span> <span class='ocrx_word' id='word_1_274' title='bbox 1471 2641 1580 2674; x_wconf 84' lang='grc' dir='ltr'>λείπει</span> <span class='ocrx_word' id='word_1_275' title='bbox 1607 2641 1698 2684; x_wconf 81' lang='grc' dir='ltr'>φύλ-</span> 
     </span>
     <span class='ocr_line' id='line_1_32' title="bbox 188 2693 1698 2740; baseline -0.002 -11"><span class='ocrx_word' id='word_1_276' title='bbox 188 2697 252 2729; x_wconf 83' lang='grc' dir='ltr'>λον</span> <span class='ocrx_word' id='word_1_277' title='bbox 283 2695 330 2729; x_wconf 83' lang='grc' dir='ltr'>ἕν.</span> <span class='ocrx_word' id='word_1_278' title='bbox 379 2695 513 2728; x_wconf 86' lang='lat' dir='ltr'>Eadem</span> <span class='ocrx_word' id='word_1_279' title='bbox 542 2695 579 2728; x_wconf 83' lang='lat' dir='ltr'>in</span> <span class='ocrx_word' id='word_1_280' title='bbox 614 2694 657 2728; x_wconf 93' lang='lat' dir='ltr'>O.</span> <span class='ocrx_word' id='word_1_281' title='bbox 688 2695 853 2739; x_wconf 78' lang='lat' dir='ltr'>leguntur</span> <span class='ocrx_word' id='word_1_282' title='bbox 885 2700 965 2740; x_wconf 68' lang='lat' dir='ltr'>post</span> <span class='ocrx_word' id='word_1_283' title='bbox 997 2694 1168 2737; x_wconf 80' lang='grc' dir='ltr'>ἀκηκοέναι</span> <span class='ocrx_word' id='word_1_284' title='bbox 1200 2706 1234 2739; x_wconf 89' lang='lat' dir='ltr'>p.</span> <span class='ocrx_word' id='word_1_285' title='bbox 1265 2705 1355 2738; x_wconf 75' lang='lat'>442,</span> <span class='ocrx_word' id='word_1_286' title='bbox 1390 2704 1448 2738; x_wconf 79' lang='lat'>14.</span> <span class='ocrx_word' id='word_1_287' title='bbox 1480 2693 1698 2727; x_wconf 84' lang='lat' dir='ltr'>BEKKER.</span> 
     </span>
    </p>
   </div>
   <div class='ocr_carea' id='block_1_10' title="bbox 190 2745 1702 2950">
    <p class='ocr_par' dir='ltr' id='par_1_10' title="bbox 190 2745 1702 2950">
     <span class='ocr_line' id='line_1_33' title="bbox 191 2745 1697 2792; baseline 0 -12"><span class='ocrx_word' id='word_1_288' title='bbox 191 2755 208 2773; x_wconf 78' lang='lat' dir='ltr'>V</span> <span class='ocrx_word' id='word_1_289' title='bbox 229 2747 363 2783; x_wconf 79' lang='grc' dir='ltr'>τούτοις</span> <span class='ocrx_word' id='word_1_290' title='bbox 382 2748 566 2782; x_wconf 77' lang='lat' dir='ltr'>Reiskius:</span> <span class='ocrx_word' id='word_1_291' title='bbox 597 2747 737 2783; x_wconf 78' lang='grc' dir='ltr'>τούτους</span> <span class='ocrx_word' id='word_1_292' title='bbox 755 2748 845 2781; x_wconf 79' lang='lat' dir='ltr'>libri.</span> <span class='ocrx_word' id='word_1_293' title='bbox 959 2754 975 2769; x_wconf 80' lang='lat' dir='ltr'>x</span> <span class='ocrx_word' id='word_1_294' title='bbox 998 2746 1090 2792; x_wconf 75' lang='grc' dir='ltr'>ὑμῖν]</span> <span class='ocrx_word' id='word_1_295' title='bbox 1117 2747 1192 2790; x_wconf 83' lang='grc' dir='ltr'>ἡμῖν</span> <span class='ocrx_word' id='word_1_296' title='bbox 1214 2747 1252 2780; x_wconf 87' lang='lat' dir='ltr'>F.</span> <span class='ocrx_word' id='word_1_297' title='bbox 1341 2752 1356 2775; x_wconf 62' lang='lat' dir='ltr'>y</span> <span class='ocrx_word' id='word_1_298' title='bbox 1377 2745 1416 2779; x_wconf 85' lang='grc' dir='ltr'>ἂν</span> <span class='ocrx_word' id='word_1_299' title='bbox 1438 2747 1472 2780; x_wconf 87' lang='lat' dir='ltr'>S.</span> <span class='ocrx_word' id='word_1_300' title='bbox 1505 2747 1561 2779; x_wconf 85' lang='grc' dir='ltr'>ἐὰν</span> <span class='ocrx_word' id='word_1_301' title='bbox 1580 2747 1697 2792; x_wconf 82' lang='lat' dir='ltr'>vulgo.</span> 
     </span>
     <span class='ocr_line' id='line_1_34' title="bbox 191 2795 1696 2847; baseline -0.001 -13"><span class='ocrx_word' id='word_1_302' title='bbox 191 2808 207 2826; x_wconf 69' lang='grc' dir='ltr'><em>Ἄ</em></span> <span class='ocrx_word' id='word_1_303' title='bbox 226 2804 294 2834; x_wconf 86' lang='grc' dir='ltr'>τῶν</span> <span class='ocrx_word' id='word_1_304' title='bbox 311 2801 388 2847; x_wconf 80' lang='grc' dir='ltr'>μὲν]</span> <span class='ocrx_word' id='word_1_305' title='bbox 412 2804 460 2834; x_wconf 85' lang='grc' dir='ltr'><strong>τῶ</strong></span> <span class='ocrx_word' id='word_1_306' title='bbox 479 2801 540 2843; x_wconf 76' lang='grc' dir='ltr'>μὲν</span> <span class='ocrx_word' id='word_1_307' title='bbox 560 2800 604 2835; x_wconf 89' lang='grc' dir='ltr'>Ο.</span> <span class='ocrx_word' id='word_1_308' title='bbox 747 2806 765 2825; x_wconf 74' lang='lat' dir='ltr'>a</span> <span class='ocrx_word' id='word_1_309' title='bbox 784 2800 871 2845; x_wconf 77' lang='grc' dir='ltr'>τοῖς]</span> <span class='ocrx_word' id='word_1_310' title='bbox 896 2804 962 2833; x_wconf 82' lang='grc' dir='ltr'>τῶν</span> <span class='ocrx_word' id='word_1_311' title='bbox 981 2802 1050 2835; x_wconf 80' lang='grc' dir='ltr'>τοῖς</span> <span class='ocrx_word' id='word_1_312' title='bbox 1071 2800 1210 2834; x_wconf 84' lang='lat' dir='ltr'>F.k.1·.s.</span> <span class='ocrx_word' id='word_1_313' title='bbox 1232 2806 1266 2833; x_wconf 77' lang='lat' dir='ltr'>et</span> <span class='ocrx_word' id='word_1_314' title='bbox 1286 2812 1353 2833; x_wconf 81' lang='lat' dir='ltr'>rec.</span> <span class='ocrx_word' id='word_1_315' title='bbox 1377 2799 1411 2832; x_wconf 83' lang='lat' dir='ltr'>S.</span> <span class='ocrx_word' id='word_1_316' title='bbox 1548 2795 1567 2823; x_wconf 80' lang='lat' dir='ltr'>b</span> <span class='ocrx_word' id='word_1_317' title='bbox 1588 2799 1696 2845; x_wconf 80' lang='grc' dir='ltr'>ὑμῶν]</span> 
     </span>
     <span class='ocr_line' id='line_1_35' title="bbox 190 2848 1701 2899; baseline 0 -12"><span class='ocrx_word' id='word_1_318' title='bbox 190 2854 268 2897; x_wconf 77' lang='grc' dir='ltr'>ὑμῖν</span> <span class='ocrx_word' id='word_1_319' title='bbox 286 2866 315 2888; x_wconf 91' lang='lat' dir='ltr'>r.</span> <span class='ocrx_word' id='word_1_320' title='bbox 471 2859 487 2878; x_wconf 78' lang='lat'><strong>⁰</strong></span> <span class='ocrx_word' id='word_1_321' title='bbox 504 2853 615 2899; x_wconf 82' lang='grc' dir='ltr'>τοῦθ’]</span> <span class='ocrx_word' id='word_1_322' title='bbox 640 2856 744 2887; x_wconf 79' lang='grc' dir='ltr'>ταῦτα</span> <span class='ocrx_word' id='word_1_323' title='bbox 763 2855 906 2887; x_wconf 83' lang='lat' dir='ltr'>A.k.r.s.</span> <span class='ocrx_word' id='word_1_324' title='bbox 936 2856 1056 2886; x_wconf 83' lang='grc' dir='ltr'>τοῦτον</span> <span class='ocrx_word' id='word_1_325' title='bbox 1075 2867 1130 2897; x_wconf 87' lang='grc' dir='ltr'>γρ.</span> <span class='ocrx_word' id='word_1_326' title='bbox 1153 2852 1199 2891; x_wconf 89' lang='lat' dir='ltr'>Q.</span> <span class='ocrx_word' id='word_1_327' title='bbox 1356 2848 1376 2876; x_wconf 83' lang='grc' dir='ltr'>(Ῑ</span> <span class='ocrx_word' id='word_1_328' title='bbox 1393 2850 1554 2897; x_wconf 82' lang='grc' dir='ltr'>ἅπαντες]</span> <span class='ocrx_word' id='word_1_329' title='bbox 1577 2854 1701 2887; x_wconf 86' lang='grc' dir='ltr'>πάντες</span> 
     </span>
     <span class='ocr_line' id='line_1_36' title="bbox 190 2903 1702 2950; baseline -0.001 -9"><span class='ocrx_word' id='word_1_330' title='bbox 190 2908 336 2941; x_wconf 84' lang='lat' dir='ltr'>A.k.r.s.</span> <span class='ocrx_word' id='word_1_331' title='bbox 463 2912 478 2931; x_wconf 75' lang='lat' dir='ltr'><strong>e</strong></span> <span class='ocrx_word' id='word_1_332' title='bbox 498 2905 537 2940; x_wconf 84' lang='grc' dir='ltr'>ἂν</span> <span class='ocrx_word' id='word_1_333' title='bbox 558 2919 626 2940; x_wconf 88' lang='lat' dir='ltr'>om.</span> <span class='ocrx_word' id='word_1_334' title='bbox 648 2919 675 2940; x_wconf 83' lang='lat' dir='ltr'>r.</span> <span class='ocrx_word' id='word_1_335' title='bbox 801 2903 816 2930; x_wconf 81' lang='lat' dir='ltr'>f</span> <span class='ocrx_word' id='word_1_336' title='bbox 832 2906 910 2940; x_wconf 78' lang='grc' dir='ltr'>οὐδὲ</span> <span class='ocrx_word' id='word_1_337' title='bbox 930 2918 999 2940; x_wconf 88' lang='lat' dir='ltr'>om.</span> <span class='ocrx_word' id='word_1_338' title='bbox 1022 2906 1176 2944; x_wconf 81' lang='lat' dir='ltr'>F.Q.t.v.</span> <span class='ocrx_word' id='word_1_339' title='bbox 1298 2911 1319 2938; x_wconf 75' lang='lat' dir='ltr'>g</span> <span class='ocrx_word' id='word_1_340' title='bbox 1338 2905 1461 2939; x_wconf 77' lang='grc' dir='ltr'>ἐκεῖνος</span> <span class='ocrx_word' id='word_1_341' title='bbox 1480 2910 1560 2939; x_wconf 86' lang='lat' dir='ltr'><strong>aute</strong></span> <span class='ocrx_word' id='word_1_342' title='bbox 1581 2905 1702 2950; x_wconf 82' lang='grc' dir='ltr'>ἐχθρός</span> 
     </span>
    </p>
   </div>
   <div class='ocr_carea' id='block_1_11' title="bbox 192 2956 1501 3004">
    <p class='ocr_par' dir='ltr' id='par_1_11' title="bbox 192 2956 1501 3004">
     <span class='ocr_line' id='line_1_37' title="bbox 192 2956 1501 3004; baseline -0.002 -11"><span class='ocrx_word' id='word_1_343' title='bbox 192 2961 266 2994; x_wconf 88' lang='lat' dir='ltr'>A.S.</span> <span class='ocrx_word' id='word_1_344' title='bbox 378 2957 396 2986; x_wconf 71' lang='lat'>¹¹</span> <span class='ocrx_word' id='word_1_345' title='bbox 419 2959 491 2993; x_wconf 79' lang='grc' dir='ltr'>ἐστ’</span> <span class='ocrx_word' id='word_1_346' title='bbox 513 2966 593 2993; x_wconf 78' lang='lat' dir='ltr'>ante</span> <span class='ocrx_word' id='word_1_347' title='bbox 615 2959 712 2994; x_wconf 73' lang='grc' dir='ltr'>οὗτος</span> <span class='ocrx_word' id='word_1_348' title='bbox 732 2971 758 2992; x_wconf 89' lang='lat' dir='ltr'>r.</span> <span class='ocrx_word' id='word_1_349' title='bbox 869 2956 1116 3004; x_wconf 73' lang='grc' dir='ltr'>ἰἼσχανδρον]</span> <span class='ocrx_word' id='word_1_350' title='bbox 1137 2957 1345 3003; x_wconf 82' lang='grc' dir='ltr'>ἵσχρανὸρον</span> <span class='ocrx_word' id='word_1_351' title='bbox 1366 2957 1501 2992; x_wconf 87' lang='lat' dir='ltr'>S.Y.O.</span> 
     </span>
    </p>
   </div>
  </div>
 </body>
</html>
