1882 3250
17 176 56 217 ρ,
72 157 141 207 46,
158 171 209 194 πο.
571 157 710 193 ΚΑΤΑ
742 156 1017 192 ΦΙΛΙΠΠΟὙ
1049 158 1094 192 Α.
1534 157 1586 194 51

76 266 310 320 πολλάκις
345 268 463 329 ὑμᾶς
501 266 735 333 ἔβλαψεν·
780 264 940 316 θπάντ’
970 263 1152 315 ἐλάττω
1193 266 1451 331 νομίζοντες
1475 265 1588 316 εἶναι

0 350 9 431 ᾗ
75 355 157 400 τοῦ
178 349 372 410 δέοντος,
394 350 469 398 καὶ
495 347 554 398 τὰ
578 348 762 412 μέγιστ’
785 349 833 397 ἐν
853 352 947 400 τοῖς
973 349 1292 415 ψηφίσμασιν
1312 348 1587 414 αἱρούμενοι,

2 464 8 521 ’
76 435 149 484 ἐπὶ
186 436 252 500 τῷ
292 431 512 497 πράττειν
549 431 652 481 οὐδὲ
686 430 745 480 τὰ
780 430 922 497 μικρὰ
954 436 1140 481 ποιεῖτε·
1183 431 1315 482 ἀλλὰ
1352 431 1411 482 τὰ
1446 432 1590 498 μικρὰ

77 515 357 579 ποιήσαντες
383 517 457 565 καὶ
483 516 764 579 πορίσαντες
793 513 971 568 τούτοις
1004 516 1297 580 προστίθετε,
1324 514 1381 564 ἂν
1407 514 1588 566 ἐλάττω
1606 543 1640 572 25

17 599 315 667 24φαίνηται.
358 598 483 663 λέγω
523 597 579 661 δὴ
618 597 724 651 τοὺς
761 597 940 651 πάντας
979 598 1272 663 στρατιώτας
1313 599 1587 665 δισχιλίους,

0 680 1 690 ’
78 681 253 733 τούτων
280 681 327 732 δὲ
352 682 628 745 Ἀθηναίους
662 684 783 749 φημὶ
810 685 902 732 δεῖν
934 681 1047 732 εἶναι
1080 684 1431 745 πεντακοσίους,
1458 683 1513 750 ἐξ
1535 683 1590 747 ἧς

78 766 135 816 ἄν
167 788 290 818 τινος
329 766 434 826 ὑμῖν
473 766 653 828 ἡλικίας
692 770 848 818 καλῶς
887 766 1006 832 ε”χειν
1040 764 1196 833 (δοκῇ,
1223 766 1393 832 χρόνον
1418 766 1590 816 τακτὸν

77 848 483 914 στρατευομένους,
510 847 573 911 μὴ
599 847 780 914 μακρὸν
805 855 984 911 τοῦτον,
1003 851 1116 899 ἀλλ’
1140 850 1256 900 ὅσον
1284 848 1341 900 ἂν
1369 852 1482 917 δοκῇ
1510 873 1591 900 κα-

78 937 173 986 λῶς
211 932 344 999 ἔχειν,
375 935 423 983 ἐκ
462 935 680 999 διαδοχῆς
714 932 958 996 ἀλλήλοις·
1000 932 1106 986 τοὺς
1141 935 1177 982 δ’
1215 934 1393 986 ἄλλους
1433 933 1659 1002 ξένους46

79 1015 191 1068 εἶναι
232 1016 421 1066 κελεύω.
492 1019 568 1067 καὶ
608 1016 727 1079 μετὰ
767 1016 946 1067 τούτων
989 1017 1154 1069 ἱππέας
1192 1017 1471 1079 διακοσίους,
1518 1019 1593 1067 καὶ

78 1099 280 1150 ἕτούτων
301 1099 589 1162 πεντήκοντα
617 1101 924 1164 Ἀθηναίουςι
916 1099 922 1104 ’
927 1099 1276 1166 τούλάχιστον,
1295 1099 1458 1165 ὥσπερ
1485 1100 1593 1153 τοὺς

79 1183 252 1250 πεζους,
291 1206 373 1234 τον
412 1183 553 1233 αὐτον
590 1182 772 1284 τρόπον
801 1202 1213 1249 στρατευομενους·
1256 1185 1331 1233 καὶ
1369 1206 1589 1248 ιππαγω-
1606 1207 1622 1236 5

0 1266 68 1337 ¹25
81 1290 193 1333 γους
218 1266 410 1320 τούτοις.
453 1264 551 1317 εἶεν·
591 1268 667 1317 1τί
689 1289 806 1333 προς
832 1267 1011 1320 τούτοις
1041 1267 1135 1327 ἐτις
1177 1289 1363 1333 ταχειας
1398 1267 1594 1332 τριήρεις

81 1351 204 1402 δέκα·
265 1353 336 1400 δεῖ
380 1349 487 1415 γὰρ,
539 1350 725 1416 ε’χοντος
775 1351 946 1400 ε’κεινου
998 1349 1224 1411 ναυτικὸν,
1273 1373 1348 1400 και
1398 1355 1596 1416 ταχειῶν

80 1432 316 1498 Ιίτριήρων
358 1432 481 1495 ἡμῖν,
523 1432 647 1485 ὅπως
689 1435 927 1499 ἀσφαλῶς·
969 1433 996 1496 ἡ
1043 1433 1234 1495 δύναμις
1274 1434 1411 1500 πλέῃ.
1450 1432 1596 1483 πόθεν

83 1515 138 1579 δὴ
164 1516 343 1568 τούτοις
370 1516 396 1578 ἡ
423 1514 577 1581 τροφὴ
605 1514 882 1579 γενήσεται,
924 1515 1016 1581 ἐγὼ
1043 1519 1119 1566 καὶ
1144 1523 1282 1567 τοῦτο
1310 1516 1485 1583 φράσω
1520 1519 1596 1566 καὶ

83 1600 231 1668 δείξω,
271 1599 470 1661 ἐπειδὰν,
510 1600 626 1650 διότι
663 1602 946 1664 τηλικαύτην
982 1603 1196 1667 ἀποχρῆν
1229 1599 1355 1664 οἶμαι
1393 1600 1479 1665 τὴν
1513 1600 1650 1651 δύ-ΙΟ

790 1682 798 1710 l

85 1707 219 1747 ναμιν
271 1685 346 1733 καὶ
384 1684 583 1736 πολίτας
633 1682 740 1736 τοὺς
808 1684 1207 1750 στρατευομένους
1252 1682 1365 1735 εἶναι
1409 1683 1596 1745 κελεύω,

85 1768 273 1837 διδάξω.

22 1874 72 1914 26
157 1851 412 1915 Τοσαύτην
446 1851 543 1915 μὲν,
570 1850 606 1901 ὦ
636 1851 799 1917 ἄνδρες
834 1856 1090 1915 Ἀθηναῖοι,
1118 1851 1194 1901 διὰ
1219 1858 1380 1913 ταῦτα,
1409 1851 1479 1902 ὅτι
1517 1852 1599 1901 οὑκ

84 1935 147 1985 ε”νι
181 1940 262 1985 νῦν
287 1941 317 1960 ¹¹¹
333 1935 441 1997 ἡμῖν
466 1934 759 2001 πορίσασθαι
792 1934 986 1997 δύναμιν
1013 1934 1098 1997 τὴν
1124 1935 1278 2002 ἐκείνῳ
1316 1933 1593 2001 παραταξο-

83 2018 236 2081 μένην,
263 2016 393 2067 ἀλλά
420 2017 666 2084 λῃστεύειν
692 2018 873 2083 ἀνάγκη
900 2020 976 2068 καὶ
1001 2018 1151 2087 τούτῳ
1191 2023 1257 2086 τῷ
1293 2017 1453 2086 τρόπῳ
1482 2026 1500 2044 ¹¹
1517 2022 1600 2067 τοῦ
1618 2038 1625 2058 ¹
1635 2037 1651 2068 5

83 2102 292 2165 πολέμου
316 2105 524 2168 χρῆσθαι
551 2101 635 2165 τὴν
660 2102 864 2168 πρώτην·
904 2103 956 2151 οὐ
977 2103 1132 2152 τοίνυν
1152 2102 1436 2167 οὑπέρογκον
1456 2099 1601 2164 αὐτήν

89 2187 159 2246 (οὐ
183 2185 277 2251 γὰρ
305 2185 408 2236 ε”στι
432 2186 606 2248 μισθὸς
632 2186 735 2236 οὐδὲ
760 2185 934 2253 τροφὴ)
964 2184 1067 2236 οὐδὲ
1098 2190 1344 2238 παντελῶς
1377 2183 1600 2248 ταπεινὴν

87 2351 324 2414 κελεύω,“
300 2374 371 2402 οτι
410 2374 486 2401 και
516 2350 745 2418 πρότερόν
782 2353 884 2402 ποτ’
914 2351 1068 2401 ἀκούω
1107 2351 1290 2419 ξενικον
1325 2352 1513 2418 τρεφειν
1553 2352 1602 2400 ἐν

89 2437 304 2505 Κορίνθῳ
329 2434 414 2499 τὴν
439 2434 596 2498 πόλιν,
623 2437 676 2486 οὗ
702 2444 721 2471 P
742 2436 1088 2501 Πολύστρατος
1114 2436 1269 2500 ἡγεῖτο
1293 2437 1367 2485 καὶ
1391 2433 1597 2503 Ἰφικρά-
1614 2465 1654 2485 20

140 2587 156 2606 e
175 2582 291 2628 πάντ’]
315 2580 432 2619 ἅπαντ’
453 2581 666 2617 A.Y.O.u.V.
696 2597 750 2627 γρ,
772 2581 902 2616 ἅπαντα
924 2583 964 2615 B.
1070 2579 1084 2606 f
1100 2581 1199 2626 δοκῇ]
1225 2582 1315 2615 δοκεῖ
1334 2581 1378 2616 Ο.
1484 2587 1504 2614 g
1524 2581 1600 2615 τού-

88 2635 171 2681 των]
195 2634 324 2668 τοῦτων
342 2631 425 2668 εἶναι
442 2635 526 2668 B.F.
670 2634 684 2655 ¹¹
706 2635 954 2680 τούλάχιστον]
979 2636 1017 2668 τὸ
1039 2637 1226 2678 ἐλάχιστον
1249 2635 1288 2667 B.
1443 2631 1452 2659 i
1474 2635 1507 2667 τί
1527 2646 1599 2670 om.

90 2687 173 2721 B.F.
201 2702 256 2733 γρ.
276 2687 310 2721 τί
328 2699 450 2732 margo
472 2688 514 2721 B.
584 2685 599 2708 k
621 2687 782 2733 τριήρων]
807 2692 950 2733 τριηρῶν
967 2688 1140 2722 B.F.S.Y.
1171 2687 1333 2732 τριήρεων
1349 2687 1393 2721 Ο.
1462 2684 1473 2711 l
1493 2701 1599 2733 στρα-

5 2257 129 2368 '27
89 2274 201 2319 εἶναι
238 2272 316 2320 δεῖ.
363 2270 561 2321 πολίτας
601 2269 648 2319 δε
687 2274 900 2334 παρεῖναι
945 2292 1019 2318 και
1055 2273 1295 2331 συμπλεῖν
1341 2267 1417 2318 δια
1453 2273 1601 2317 ταῦτα

6 2376 11 2516 !

7 2526 12 2632 ἰ

8 2636 12 2666 t

8 2716 13 2810 ἰ
89 2774 301 2820 τευομένους]
325 2774 661 2819 συστρατευομένους
681 2773 855 2807 Dobraeus
877 2774 1004 2808 collato
1023 2786 1054 2807 v.
1078 2784 1139 2807 21.
1250 2779 1276 2795 m
1297 2772 1391 2819 ἡμῖν]
1415 2750 1492 2816 ιΤΙΙμῖν
1512 2773 1599 2809 B.F.

9 2814 13 2853 ¹
90 2826 166 2870 ὑμῖν
184 2827 270 2862 Α.Ῡ.
436 2833 456 2851 1²
484 2830 544 2861 τοῦ
564 2838 633 2861 om.
653 2827 697 2861 Y.
863 2831 881 2850 0
910 2826 1097 2872 ὑπέρογκον
1118 2827 1152 2861 S.
1183 2825 1253 2861 οὔθ’
1275 2826 1461 2872 ὑπέρογκον
1479 2828 1597 2874 vulgo.

9 2860 13 2959 1
91 2884 111 2912 Ρ
130 2879 393 2926 Πολύστρατος]
417 2880 525 2915 πολὺς
545 2881 693 2926 στρατὸς·
711 2892 763 2925 pr.
786 2880 822 2913 S.

10 2963 13 3014 ἷ

11 3199 16 3250 ἶ

804 2954 881 2981 ΗΖ
