1882 3250
0 196 2 199 v
46 167 140 220 165,
157 181 189 207 6.
709 171 1006 208 ΕΠΙΣΤΟΛΗ.
1027 177 1030 179 ·
1535 170 1617 210 175

107 279 271 342 μένους
309 285 404 332 τοῖς
439 285 724 344 στρατηγοῖς
759 278 1231 347 ἢσυκοφαντοῦντας
1269 280 1379 329 Ζάεί
1405 301 1449 329 τι
1486 286 1610 342 λαμ-

106 362 266 424 βάνειν
301 369 413 429 παρ’
440 365 606 425 αὐτῶν,
634 364 698 413 ε”τι
735 363 783 414 δὲ
819 369 912 413 τῶν
937 368 1146 414 πολιτῶν
1178 368 1273 415 τοῖς
1307 362 1612 428 γνωριμωτά-

106 469 201 499 τοις
227 449 302 496 καὶ
328 451 455 497 ξιτῶν
481 446 654 514 ἔξωθεν
673 451 769 499 τοῖς
788 446 1108 514 ἐνδοξοτάτοις
1136 445 1516 511 λοιδορουμένους
1543 447 1616 496 ε’πὶ

105 535 189 579 τοῦ
223 528 435 592 βήματος
472 534 812 594 περιπὸιεῖσθαι
847 528 976 593 παρὰ
1008 534 1090 579 τοῦ
1123 528 1336 592 πλήθους
1377 527 1522 596 δόξαν
1555 531 1616 581 ὡς

106 613 195 662 εἶσὶ
221 613 471 675 δημοτικοί.
1632 646 1668 666 10

42 716 93 745 22
179 693 366 763 Ῥᾴδιον
407 693 493 757 μὲν
536 696 617 745 οὖν
667 696 773 745 ἐστί
818 718 896 756 μοι
939 701 1121 745 παῦσαι
1164 699 1247 758 τῆς
1296 697 1615 763 βλασφημίας

105 776 268 830 αὐτοὺς
306 777 448 843 μικρὰ
480 777 605 828 πάνυ
639 778 894 847 προεμένῳ,
933 781 1007 828 καὶ
1047 782 1242 841 ποιῆσαι
1285 779 1440 843 λέγειν
1479 780 1612 829 ἐπαί-

104 884 208 914 νους
236 860 348 927 ὑπὲρ
375 862 520 923 ἡμῶν.
561 863 671 911 ἀλλ’
701 863 1010 928 αἰσχυνοίμην
1036 860 1106 924 ἂν,
1134 866 1170 912 εἷ
1197 861 1282 926 τὴν
1311 861 1429 928 πρὸς
1468 861 1615 926 ὓὴμᾶς

103 946 284 996 εὔνοιαν
318 944 447 1010 παρὰ
481 945 659 995 τούτων
694 946 948 1012 φαινοίμην
983 945 1254 1007 ὠνούμενος,
1282 945 1325 996 οἳ
1361 945 1480 1011 πρὸς
1517 951 1613 999 τοῖς

103 1026 272 1080 ἄλλοις
307 1031 370 1080 εἷς
402 1033 540 1077 τοῦτο
574 1027 754 1091 τόλμης
789 1028 984 1091 ἥκουσιν
1027 1027 1150 1078 ὥστε
1185 1030 1259 1078 καὶ
1293 1030 1398 1094 περὶ
1435 1030 1663 1096 Ἀμφι-,Ιὸ

101 1110 285 1164 πόλεως
331 1110 449 1177 πρὸς
500 1112 620 1174 ἡμᾶς
665 1114 985 1178 ἀμφισβητεῖν
1026 1113 1350 1178 ἐπιχειροῦσιν,
1396 1111 1509 1176 ὑπὲρ
1560 1112 1613 1175 ἧς

101 1199 196 1244 τῶν
233 1195 622 1257 ἀντιποιουμένων
661 1196 802 1257 αὐτῆς
839 1194 964 1257 οἶμαι
999 1194 1124 1245 πολι)
1164 1194 1422 1260 δικαιότερα
1461 1195 1614 1259 λέγειν

39 1297 89 1339 23
104 1275 253 1330 αὐτός.
293 1277 379 1327 εἴτε
425 1276 517 1341 γάρ
567 1282 661 1327 τῶν
713 1277 769 1345 ἐξ
806 1279 952 1343 ἀρχῆς
1001 1276 1340 1342 κρατησάντων
1391 1278 1611 1342 γίγνεται,

100 1366 200 1413 πῶς
249 1362 302 1410 οὐ
343 1361 526 1413 δικαίως
576 1361 704 1424 ἡμεῖς
744 1360 889 1423 αὐτὴν
933 1360 1113 1427 ἔχομεν,
1158 1359 1479 1427 Ἀλεξάνδρου
1531 1366 1612 1411 τοῦ

101 1444 337 1509 προγόνου
374 1443 563 1509 πρώτου
601 1443 924 1510 κατασχόντος
961 1443 1043 1493 τὸν
1077 1442 1237 1505 τόπον,
1269 1443 1374 1493 ὅθεν
1410 1446 1483 1493 καὶ
1518 1449 1612 1494 τῶν
1627 1470 1665 1490 20

102 1526 415 1594 αἰχμαλώτων
456 1526 663 1590 εΜήδων
701 1526 921 1593 ἀπαρχὴν
962 1526 1214 1591 ἀνδριάντα
1254 1533 1466 1593 χρυσοῦν
1512 1527 1614 1577 ἀνέ-

99 1633 283 1674 στησεν
309 1615 370 1663 εὶς
394 1609 618 1678 Δελφούς
642 1632 652 1671 3
697 1610 783 1660 εἴτε
810 1610 988 1660 τούτων
1013 1609 1097 1671 μὲν
1120 1610 1514 1678 ἀμφισβητήσειέ
1530 1634 1612 1673 τις,

102 1694 229 1762 ἀξιοῖ
250 1692 297 1744 δὲ
323 1694 569 1758 γίγνεσθαι
600 1698 693 1743 τῶν
731 1695 928 1758 ὕστερον
959 1693 1220 1758 γενομένων
1255 1696 1436 1760 κυρίων,
1464 1692 1612 1760 ὑπάρ-

0 1769 15 1839 ῗιῙ
100 1799 171 1843 χει
208 1799 287 1839 μοι
332 1779 406 1826 καὶ
450 1782 587 1827 τοῦτο
624 1776 677 1826 τὸ
720 1778 910 1827 δίκαιον·
954 1777 1328 1843 ἐκπολιορκήσας
1369 1777 1462 1842 γὰρ
1504 1776 1610 1831 τοῦς
1627 1805 1662 1834 25

6 1850 8 1862 ¹
102 1861 218 1923 ὑμᾶς
275 1859 358 1923 μὲν
422 1859 727 1920 ἐκβαλόντας,
780 1860 869 1911 ὑπὸ
922 1862 1300 1923 Λακεδαιμονίων
1359 1860 1407 1911 δὲ
1458 1884 1608 1912 κατοι-

0 1964 8 2011 3
36 1963 91 2004 24
103 1945 348 1997 κισθέντας
389 1944 564 2004 ε”λαβον
593 1943 647 1994 τὸ
674 1944 859 2010 χωρίον.
904 1945 1050 1994 καίτοι
1085 1943 1255 1997 πάντες
1289 1948 1502 2008 οἰκοῦμεν
1530 1944 1613 1999 τὰς

3 2056 13 2095 ι,
99 2027 262 2080 πόλεις
299 2026 327 2091 ὴ
363 2032 458 2077 τῶν
482 2025 729 2093 προγόνων
754 2027 1062 2092 παραδόντων
1088 2025 1116 2090 ἢ
1144 2026 1264 2077 κατὰ
1288 2027 1499 2090 πόλεμον
1525 2028 1607 2078 κύ-

0 2098 12 2167 ’ἳῘ
99 2134 188 2177 ριοι
231 2111 564 2164 καταστάντες.
608 2113 733 2173 ὑμεῖς
776 2109 824 2161 δὲ
867 2112 969 2161 οὕτε
1011 2115 1188 2176 πρῶτοι
1234 2109 1463 2171 λαβόντες
1508 2113 1612 2162 οὔτε

0 2152 11 2260 ἐι
99 2201 182 2246 νῦν
208 2194 404 2261 ἔχοντες,
429 2194 683 2260 ἐλάχιστον
711 2193 759 2243 δὲ
785 2192 955 2259 χρόνον
981 2196 1028 2243 ἐν
1054 2199 1148 2246 τοῖς
1175 2193 1334 2247 τόποις
1361 2195 1604 2256 ε’μμείναν-
1630 2207 1703 2260 165

0 2261 4 2299 Ι
99 2300 172 2331 τες
218 2275 560 2327 ᾱάντιποιεῖσθε
611 2280 693 2339 τῆς
736 2276 933 2337 πόλεως,
980 2279 1054 2326 καὶ
1099 2282 1246 2326 ταῦτα
1289 2278 1452 2327 πίστιν
1496 2277 1610 2343 ὑπὲρ

100 2361 230 2424 ἡμῶν
268 2362 397 2411 αὐτοὶ
434 2360 749 2424 βεβαιοτάτην
788 2361 1032 2413 ἐπιθέντες·
1076 2359 1309 2414 πολλάκις
1343 2360 1459 2426 θγοῖρ
1499 2363 1611 2422 ἐμοῦ

1236 2443 1251 2469 f

99 2444 365 2512 γράφοντος
397 2446 445 2494 ἐν
470 2449 569 2497 ταῖς
603 2445 876 2497 ἐπιστολαῖς
917 2444 1030 2509 ὑπὲρ
1057 2445 1198 2507 αὐτῆς
1265 2445 1496 2509 ἐγνώκατε
1533 2448 1602 2494 δι-

100 2528 238 2580 καίως
264 2527 383 2594 ἔχειν
409 2527 542 2590 ἡμᾶς,
568 2526 671 2577 τότε
699 2527 782 2589 μὲν
807 2526 1118 2590 ποιησάμενοι
1149 2526 1234 2589 τὴν
1261 2526 1442 2592 εἰρήνην
1468 2527 1603 2593 ε”χον-
1620 2545 1636 2573 5

98 2632 177 2664 τος
217 2612 328 2674 ἐμοῦ
370 2609 456 2674 τὴν
496 2610 652 2672 πόλιν,
695 2607 841 2678 ἕκᾷτα
885 2610 1160 2675 συμμαχίαν
1202 2611 1275 2659 ἐπὶ
1314 2614 1414 2661 ταῖς
1450 2610 1609 2662 αὐταῖς

2 2583 8 2656 3

2 2657 7 2693 Ι

2 2698 7 2729 l

152 2749 170 2768 Ζ
189 2742 244 2777 ἀεί
260 2758 292 2777 τι
310 2744 498 2785 λαμβάνειν
518 2743 616 2777 Paul.
638 2743 833 2776 Manutius.
862 2742 1123 2785 ἀντιλαμβάνειν
1141 2742 1230 2775 libri.
1364 2748 1382 2766 a
1401 2746 1467 2776 τῶν
1486 2743 1609 2786 ἔξωθεν

2 2774 6 2818 ⁸
101 2796 197 2830 Paul.
219 2797 413 2830 Blanutius.
444 2798 515 2831 τοῖς
535 2794 658 2840 ἔξωθεν
678 2796 768 2829 libri.
854 2792 873 2819 b
894 2795 978 2838 ἡμᾶς
999 2795 1183 2829 Reiskius:
1215 2795 1299 2837 ὑμᾶς
1318 2795 1407 2829 libri.
1497 2801 1512 2820 C
1533 2795 1605 2839 Μή-

2 2823 6 2870 !
99 2849 183 2895 δων]
207 2849 320 2893 μήδων
341 2846 386 2883 ὧν
405 2849 498 2883 Y.O.
585 2845 603 2873 d
622 2849 870 2895 ἀντιποιεῖσθε]
893 2848 1127 2882 ἀντεποιεῖσθε
1149 2847 1281 2882 F.Y.O.
1365 2853 1380 2872 e
1400 2849 1465 2893 γὰρ
1485 2861 1555 2882 om.
1576 2861 1607 2882 v.

2 2877 6 2950 Ι
99 2898 115 2925 f
131 2902 294 2948 ἐγνώκατε
321 2903 420 2936 Paul.
441 2903 635 2936 Manutius.
668 2901 847 2947 ἐγνωκότες
866 2901 956 2935 libri.
1089 2907 1110 2934 g
1139 2897 1238 2946 κᾷτα]
1272 2902 1355 2934 κατὰ
1383 2901 1469 2934 libri.
1521 2901 1609 2935 Cor-

0 2955 5 3081 ¹
99 2960 234 2989 rectum
252 2955 289 2989 in
308 2955 499 3001 appendice
519 2956 573 2989 ed.
597 2955 705 2988 Paris.
729 2967 759 2988 a.
782 2965 792 2988 1
805 2962 894 3000 570.
