1882 3250
75 211 86 231 ‚
106 195 155 223 16.
571 183 715 220 ΚΑΤΑ
747 183 1024 221 ΦΙΛΙΠΠΟΎ
1055 184 1104 220 Α.
1541 181 1592 223 61

82 292 235 356 λόμην
260 292 428 356 λέγειν,
455 292 480 342 ὅ
506 314 550 342 τι
575 291 633 342 ἂν
658 291 723 354 μὴ
749 293 824 341 καὶ
849 291 1089 341 συνοίσειν
1120 299 1137 319 ⁸
1155 293 1261 354 ὑμῖν
1285 293 1597 355 πεπεισμένος

288 373 306 402 b
414 372 432 391 ὰ
603 373 618 390 t
817 372 831 387 t
892 383 902 398 ,
944 374 955 388 c
1047 378 1067 387 r-
1184 374 1195 389 2
1237 373 1248 390 x
1323 376 1335 389 e
1563 375 1574 388 a

322 396 372 424 τε
407 397 438 423 α
473 396 725 438 γιγνωσκω
762 377 889 424 πανθ
930 380 1109 434 απλως,
1147 377 1278 423 ουδεν
1312 382 1596 425 υποστειλα-

82 373 137 437 ὦ,
167 381 249 426 νῦν

81 480 231 521 μενος,
275 457 713 522 πεπαρρησίασμαι.
765 454 1032 520 ἐβουλόμην
1077 457 1115 506 δ’
1163 454 1236 513 ἂν,
1285 455 1448 522 ὥσπερ
1493 457 1595 507 0ὅτι
1608 479 1661 522 55

83 543 188 603 ὑμῖν
230 538 499 608 ἀσυμφέρει
539 547 554 565 ‘³
571 538 630 589 τὰ
670 539 904 597 βέλτιστα
949 539 1131 590 ἀκούειν
1173 538 1290 597 οἶδα,
1333 541 1479 592 οὕτως
1528 544 1593 590 εὶ-

244 623 501 673 ξσυνοῖσον
524 624 598 672 καὶ
625 625 691 690 τῷ
718 621 777 672 τὰ
801 621 1036 682 βέλτιστα
1071 621 1260 672 εἰπόντι·
1305 625 1478 689 πολλῷ
1502 622 1597 688 γὰρ

83 624 204 675 δέναι

83 705 140 756 ἂν
165 705 294 769 ἥδιον
319 717 342 752 g
359 703 501 756 εἷπον.
543 709 625 754 νῦν
652 705 690 753 δ’
720 705 788 754 ἐπ’
817 704 1008 768 ἀδήλοις
1035 705 1143 754 οὖσι
1177 709 1272 757 τοῖς
1299 703 1393 754 ἀπὸ
1419 704 1598 754 τούτων

83 789 265 856 ἐμαυτῷ
303 786 645 852 γενησομένοις,
683 786 808 850 ὅμως
841 789 916 838 ἐπὶ
955 791 1022 854 τῷ
1063 788 1302 838 συνοίσειν
1340 789 1462 848 ὑμῖν,
1509 785 1624 841 ῂᾶνε

1574 869 1595 886 ‘l

82 870 306 937 πράξητε,
348 876 495 920 ταῦτα
532 873 784 920 πεπεῖσθαι
826 869 980 935 λέγειν
1025 873 1254 935 αἱροῦμαι.
1302 869 1443 938 νικῴη
1486 871 1522 919 δ’
1572 893 1597 919 ο

83 976 126 1004 τι
151 958 300 1004 πᾶσιν
325 952 452 1015 ἰὑμῖν
477 952 644 1016 μέλλει
666 951 941 1003 Ῐσυνοίσειν.

664 1140 1019 1166 .--.--

812 1275 867 1321 Ε.

402 1432 588 1484 ΠΕΡΙ
637 1413 657 1439 ¹‘
675 1431 845 1482 ΤΗΣ
896 1429 1286 1482 ΕΙΡΗΝΗΣ.

728 1644 964 1673 ΥΠΟΘΕΣῙΣ.

140 1731 377 1777 Μηκυνομένου
405 1728 489 1765 Ῑτοῦ
516 1731 669 1774 πολέμου
695 1733 757 1764 τοῦ
782 1731 859 1776 περὶ
877 1730 1120 1776 Ἀμφιπόλεως
1139 1730 1268 1776 εἷρὴνης
1289 1728 1506 1774 ἐπεθύμησαν
1526 1731 1545 1765 ὅ
1564 1747 1601 1766 τε

85 1797 253 1831 Φίλιππος
281 1797 332 1830 καὶ
352 1797 383 1829 οἶ
401 1795 582 1838 Ἀθηναῖοι,
613 1796 644 1828 οἱ
663 1796 724 1838 μὲν
743 1794 914 1838 Ἀθηναῖοι
943 1798 1049 1830 κακῶς
1077 1798 1112 1829 ἐν
1131 1798 1179 1842 τῷ
1195 1794 1333 1842 πολέμῳ
1363 1796 1558 1839 φερόμενοι,
1581 1798 1599 1829 ὁ

86 1861 122 1896 δὲ
141 1861 309 1895 Φίλιππος
327 1862 537 1903 βουλόμενος
559 1857 579 1892 ἃ
608 1865 638 1883 m
652 1859 823 1904 ὑπέσχετο
845 1861 1032 1894 Θετταλοῖς
1060 1874 1097 1893 τε
1126 1861 1178 1892 καὶ
1199 1858 1362 1899 Θηβαίοις
1391 1860 1597 1894 ἐπιτελέσαι.
1611 1875 1627 1904 5

86 1925 257 1969 ῧπέσχετο
283 1924 319 1957 δέ
345 1925 416 1958 τοῖς
438 1924 500 1966 μὲν
516 1921 686 1966 ,Θηβαίοις
707 1921 916 1966 Ὀρχομενὸν
940 1923 1156 1966 παραδώσειν
1183 1924 1234 1956 καὶ
1263 1924 1462 1967 Κορώνειαν,
1483 1925 1602 1959 πόλεις

86 1987 256 2028 Βοιωτίας,
277 1988 485 2033 ἀμφοτέροις
514 1987 549 2020 δὲ
578 1988 638 2020 τὸν
666 1988 815 2020 Φωκικὸν
844 1986 1046 2020 καταλύσειν
1075 1989 1238 2030 πόλεμον.
1269 1988 1371 2019 τοῦτο
1397 1987 1433 2020 δέ
1460 1985 1499 2029 ἦν
1518 1986 1601 2021 ἀδύ-

85 2066 182 2087 νατον
201 2053 291 2099 αὐτῷ
317 2049 490 2094 πολεμίων
520 2049 626 2084 ὄντων
648 2050 843 2093 Ἀθηναίων·
875 2051 927 2084 καὶ
946 2051 1011 2096 γὰρ
1039 2052 1205 2095 πρότερον
1222 2051 1405 2093 βουληθεὶς
1424 2050 1600 2091 εἰσβαλεῖν
1617 2068 1653 2089 ιο

85 2116 130 2151 εἷς
159 2116 219 2159 τὴν
250 2115 381 2148 Φωκίδα
413 2118 480 2147 τῶν
507 2113 691 2157 Ἀθηναίων
720 2115 1025 2159 περιπλευσάντων
1054 2116 1127 2149 ταῖς
1157 2115 1275 2147 ναυσὶν
1306 2114 1352 2149 εἷς
1383 2114 1442 2148 τὰς
1475 2116 1598 2147 καλου-

85 2179 184 2222 μένας
202 2177 331 2218 Πὺλας,
356 2176 408 2210 ὑπ’
431 2175 526 2210 ἐνίων
547 2177 581 2210 δέ
603 2176 841 2221 Θερμοπύλας,
866 2184 882 2201 ‘²
897 2176 1112 2221 ἀπεκρούσθη
1142 2179 1200 2220 τῆς
1229 2178 1378 2210 εἰσόδου.
1406 2180 1465 2210 νῦν
1487 2177 1601 2211 τοίνυν

87 2240 216 2286 εἷρὴνην
234 2241 460 2284 ποιησάμενος
479 2241 564 2285 πρὸς
583 2240 663 2274 τοὺς
676 2238 884 2282 Ἀθηναίους,
901 2240 1043 2283 μηδενὸς
1063 2239 1303 2275 Οκωλύσαντος
1318 2240 1498 2285 παρελθὼν
1517 2239 1599 2274 εἴσω
1616 2257 1651 2286 15

88 2306 223 2345 Πυλῶν,
246 2306 309 2338 Pro
329 2304 468 2337 Φωκέων
487 2304 582 2338 ἔθνος
602 2304 793 2337 ἀνάστατον
811 2304 984 2346 πεποίηκε,
1013 2305 1065 2337 καὶ
1089 2305 1149 2347 τὴν
1168 2305 1308 2338 Φωκέων
1334 2305 1368 2338 ἐν
1387 2306 1458 2339 τοῖς
1486 2310 1504 2337 (Ι
1517 2304 1598 2348 Ἀμ-

141 2421 160 2442 fl
188 2417 264 2460 ὑμῖν
283 2429 352 2451 0111.
376 2417 410 2451 S.
557 2414 576 2441 b
605 2416 659 2462 τε]
693 2417 722 2451 δ’
743 2418 828 2451 A.Y.
971 2423 986 2442 C
1015 2417 1067 2451 ὅτι
1087 2429 1155 2451 om.
1178 2418 1218 2450 Α.
1361 2415 1377 2438 ‘¹
1408 2416 1596 2462 συμφέρει]

89 2470 267 2515 συμφέρον
286 2470 328 2503 Y.
403 2476 418 2495 e
437 2471 478 2503 τὰ
501 2471 536 2504 S.
566 2472 605 2504 τὸ
624 2472 666 2504 τὰ
685 2471 804 2517 vulgo.
893 2468 905 2496 f
923 2470 1103 2516 συνοῖσον]
1129 2471 1301 2504 συνοίσων
1323 2472 1359 2504 S.
1446 2477 1467 2506 g
1487 2467 1599 2515 εἶπον]

89 2519 181 2567 εἶχον
201 2523 237 2558 S.
260 2523 319 2569 qui
339 2519 435 2557 εἶπον
453 2536 523 2558 rec.
546 2524 582 2557 in
605 2536 715 2569 marg.
858 2522 872 2543 ¹¹
893 2522 933 2557 ἂν
955 2524 989 2557 S.
1021 2524 1078 2557 ἐὰν
1097 2524 1214 2569 vulgo.
1343 2521 1352 2547 i
1374 2524 1450 2566 ὑμῖν
1469 2535 1538 2557 om.
1562 2523 1599 2556 S.

86 2581 98 2618 j
130 2586 372 2632 Subscriptum
391 2587 427 2620 in
452 2588 537 2622 RS.
565 2588 648 2621 κατὰ
674 2588 848 2632 φιλίππου
879 2603 910 2622 α.
945 2577 1180 2630 HHHHl—A'A.
1231 2588 1273 2621 111
1306 2588 1344 2621 B.
1376 2599 1496 2621 versus
1519 2592 1602 2620 sunt

91 2649 178 2685 413.
199 2646 234 2673 et
253 2641 492 2675 annumeratis
507 2641 681 2675 lemmatis
702 2641 838 2674 duobus
861 2642 909 2686 (p.
931 2639 993 2685 48,
1022 2650 1078 2686 15.
1101 2651 1162 2687 51,
1184 2643 1238 2685 3.)
1261 2650 1352 2685 415.
1472 2637 1489 2664 k
1513 2645 1600 2673 ΤΗΣ

91 2692 206 2726 addidi
234 2705 277 2726 ex
306 2693 390 2727 RS.
440 2694 522 2727 Non
542 2700 680 2728 constat
700 2694 765 2727 sibi
785 2696 826 2735 A,
849 2694 908 2739 qui
938 2694 973 2726 in
1002 2694 1228 2739 inscriptione
1257 2693 1373 2727 omisit
1403 2693 1600 2733 articulum,

90 2744 195 2779 habet
213 2757 295 2780 vero
314 2746 351 2779 in
371 2747 636 2792 subscriptione.
686 2747 820 2780 Contra
838 2747 874 2780 in
903 2746 1129 2791 inscriptione
1149 2747 1318 2781 orationis
1339 2746 1523 2780 Isocrateae
1543 2757 1601 2779 oc-

90 2802 178 2832 tavae
205 2799 282 2844 περὶ
310 2800 370 2841 τῆς
400 2798 541 2844 εἰρήνης,
570 2799 754 2833 articulum
785 2812 855 2833 om.
885 2800 962 2833 cod.
995 2799 1157 2834 Urbinas.
1323 2796 1332 2823 l
1364 2801 1426 2833 τοῦ
1457 2811 1527 2833 om.
1556 2798 1600 2832 Ο.

92 2855 118 2872 ¹¹¹
136 2850 323 2897 ὑπέσχετο]
348 2852 490 2886 ὑπέθετο
512 2853 596 2886 B.F.
682 2858 696 2874 ¹¹
716 2851 931 2897 ἀπεκρούσθη
952 2853 993 2886 Y.
1023 2852 1222 2896 (ἶπεκωλὺθη
1243 2853 1360 2898 vulgo.
1454 2857 1472 2876 ⁰
1492 2850 1600 2885 κωλύ-

92 2904 232 2950 σαντος]
257 2903 447 2940 κωλύοντος
466 2906 508 2940 Υ.
650 2911 669 2938 P
689 2906 746 2952 τὸ]
771 2909 838 2939 τῶν
860 2904 944 2939 RF.
1082 2913 1101 2941 (l
1122 2904 1369 2952 Ἀμφικτύοσι]
1393 2905 1603 2950 ἀμφικτυόσι

94 2955 226 2991 B.F.O.
