1882 3250
31 187 185 224 —204‚
201 180 254 219 2‘7.
572 179 716 215 ΥΠΕΡ
747 177 1241 225 ΜΕΓΑΛΟΠΟΛΙΤΩΝ.
1578 179 1662 219 217

152 289 372 349 τιωθῆναι
408 291 504 339 τοῖς
541 298 564 333 g
581 308 634 349 γε
676 291 770 335 τῶν
807 287 960 336 αὐτῶν
1003 292 1300 352 μετασχοῦσι
1339 286 1577 336 κινδύνων·
1625 291 1660 336 εἰ

241 367 262 385 ”’
482 369 730 419 ’πίστασθε
769 369 852 429 ὅτι,
888 368 1063 432 ταύτην
1101 368 1155 418 ἂν
1196 368 1385 430 ἕλωσιν,
1422 369 1550 419 ἰἀσιν
1587 371 1660 420 ἐπὶ

151 372 193 420 δ’
230 391 432 421 απαντες
470 392 488 418 ε

152 450 435 514 Μεσσήνην,
462 450 696 519 φρασάτω
723 474 791 504 τις
817 453 917 512 ἐμοὶ
950 456 1044 501 τῶν
1071 456 1152 501 νῦν
1177 455 1401 517 χαλεπῶν
1427 455 1521 503 τοῖς
1550 455 1656 500 Με-
1673 474 1689 502 5

149 534 502 598 γαλοπολίταις,
537 533 586 583 τί
621 532 716 583 τόθ’
754 533 863 596 ἡμῖν
900 533 1287 595 ιισυμβουλεύσει
1333 538 1493 584 ποιεῖν.
1549 535 1656 582 ἀλλ’

89 635 137 663 10
150 615 293 670 οὐδεὶς
332 615 435 680 ἐρεῖ.
503 616 577 664 καὶ
615 613 709 677 μὴν
742 614 912 667 πάντες
951 615 1213 665 ἐπίστασθε
1251 617 1311 666 ὡς
1346 612 1448 664 ἰκαὶ
1485 635 1653 678 παραι-

150 697 353 748 νούντων
388 696 564 747 τούτων
599 699 673 747 καὶ
711 696 777 760 μὴ
815 697 1086 761 βοηθητέον,
1118 699 1194 747 καὶ
1231 696 1306 746 διὰ
1342 696 1449 749 τοὺς
1484 695 1659 761 ὅρκους,

146 778 225 833 οὓς
259 778 568 842 ὀμωμόκαμεν
604 781 914 842 Μεσσηνίοις,
955 783 1029 830 καὶ
1064 780 1138 830 διὰ
1175 779 1228 829 τὸ
1267 779 1514 847 συμφέρον
1549 778 1660 829 εῖναι

145 867 460 913 κατοικεῖσθαι
509 862 682 926 ταύτην
731 862 817 926 τὴν
866 863 1024 914 πόλιν.
1095 867 1353 913 σκοπεῖσθε
1403 861 1422 888 k
1442 862 1496 925 δὴ
1541 862 1713 927 πρὸςιο

0 727 7 781 i,

0 786 6 923 ἦ

0 925 7 965 2
156 946 168 960 e
217 949 236 958 a·
346 945 355 959 ²
426 944 438 959 x
626 945 638 960 t
798 944 810 961 x
902 948 911 961 t
989 945 1001 961 x
1222 947 1232 963 r
1418 947 1431 963 x

0 970 6 1029 ζ
145 967 262 1008 υμας
302 967 481 1006 αυτους,
518 967 720 1010 ποτεραν
759 969 844 1008 την
886 969 1036 1012 αρχην
1082 953 1315 996 καλλιονα
1357 967 1434 995 και
1479 948 1654 1011 φιλαν-

0 1035 5 1124 ,
144 1026 445 1092 θρωποτέραν
478 1026 738 1089 ποιήσεσθε
772 1034 855 1078 τοῦ
890 1028 954 1091 μὴ
987 1027 1270 1094 1ἐπιτρέπειν
1301 1029 1473 1077 ἀδικεῖν
1501 1030 1654 1076 Λακε-

146 1109 408 1172 δαιμονίοις,
436 1108 522 1172 τὴν
554 1108 667 1174 ὑπὲρ
698 1110 931 1174 Μεγάλης
962 1109 1147 1162 πόλεως
1182 1109 1209 1173 ἢ
1244 1109 1330 1172 τὴν
1366 1109 1479 1174 ὑπὲρ
1513 1113 1656 1159 Μεσ-

0 1125 5 1295 ι
83 1191 324 1255 11σήνης;
371 1198 454 1242 νῦν
488 1193 573 1254 μέν
605 1215 658 1257 γε
692 1197 881 1256 βοηθεῖν
914 1193 1073 1261 δόξετε
1109 1193 1328 1258 Ἀρκάσι,
1359 1194 1433 1242 καὶ
1472 1191 1557 1255 τὴν
1591 1196 1656 1241 εὶ-

0 1299 4 1353 !
144 1273 290 1339 ρήνην
331 1273 610 1340 σπουδάζειν
654 1273 767 1325 εῖναι
808 1277 1021 1336 βεβαίαν,
1065 1275 1178 1340 ὑπὲρ
1219 1275 1272 1338 ἧς
1313 1274 1710 1331 ἐκινδυνεύσατεις

146 1359 220 1407 καὶ
255 1357 604 1425 παρετάξασθε·
650 1358 755 1407 τότε
791 1357 833 1408 δ’
865 1359 1051 1421 εὔδηλοι
1090 1362 1240 1408 πᾶσιν
1279 1357 1447 1407 ἔσεσθε
1488 1358 1541 1406 οὐ
1578 1362 1661 1406 τοῦ

0 1450 3 1507 ξ
144 1441 319 1491 δικαίου
357 1445 546 1503 μᾶλλον
585 1441 715 1491 ἕνεκα
750 1440 1019 1504 Μεσσήνην
1053 1439 1166 1490 εῖναι
1200 1438 1480 1502 βουλόμενοι
1515 1439 1542 1502 ἢ
1577 1445 1660 1489 τοῦ

1538 1529 1567 1547 ln

142 1522 261 1589 πρὸς
300 1525 691 1587 Λακεδαιμονίους
730 1524 903 1593 φόβου.
972 1526 1042 1573 δεῖ
1082 1523 1130 1573 δὲ
1174 1528 1370 1573 σκοπεῖν
1415 1521 1500 1584 μὲν
1585 1525 1660 1571 καὶ

0 1604 3 1672 ξ
143 1606 362 1672 πράττειν
413 1609 481 1657 ἀεὶ
531 1606 591 1657 τὰ
641 1607 807 1668 δίκαια,
859 1610 1244 1671 συμπαρατηρεῖν
1295 1607 1331 1655 δ’
1385 1605 1509 1656 ὅπως
1560 1603 1657 1666 ἅμα
1677 1635 1714 1655 20

144 1691 219 1740 καὶ
245 1689 551 1756 συμφέροντα
577 1690 710 1739 ἕσται
737 1695 896 1740 ταῦτα.

82 1790 132 1820 12
208 1771 357 1822 ’Έστι
401 1773 556 1822 τοίνυν
600 1779 618 1797 ¹¹
635 1772 842 1824 τοιοῦτός
886 1795 954 1824 τις
1000 1770 1144 1835 λόγος
1185 1770 1348 1836 0παρόι
1391 1775 1485 1820 τῶν
1523 1772 1654 1821 ἀντι-

145 1854 397 1920 λεγόντων,
439 1857 500 1908 ὡς
544 1856 834 1917 κομίσασθαι
887 1854 969 1905 τὸν
1013 1854 1231 1919 Ὠρωπὸν
1275 1855 1394 1917 ἡμᾶς
1436 1856 1658 1919 ἐγχειρεῖν

143 1940 224 1999 δεῖ,
262 1942 300 1988 εὶ
339 1938 388 1987 δὲ
425 1936 533 1989 τοὺς
571 1937 932 2001 Ρβοηθήσαντας
971 1936 1062 1987 (ῑᾶν
1101 1938 1209 2000 ἡμῖν
1248 1943 1360 1987 Γνῦν
1399 1939 1491 1987 8ἐπ’
1519 1936 1659 1986 αὐτὸν

143 2021 336 2088 ἐχθροὺς
378 2019 661 2085 κτησόμεθα,
702 2022 788 2087 οὐχ
826 2021 991 2088 ἕξομεν
1030 2019 1322 2086 συμμάχους.
1388 2019 1479 2084 ἐγὼ
1519 2019 1567 2069 δὲ
1605 2018 1658 2069 τὸ

143 2103 228 2167 μὲν
265 2105 556 2166 κομίσασθαι
594 2102 815 2169 Ὠρωπὸν
853 2108 1106 2168 πειρᾶσθαι
1138 2104 1262 2152 ἰδεῖν
1298 2105 1419 2168 φημὶ
1458 2104 1532 2152 καὶ
1569 2104 1710 2154 acb-²5

143 2186 234 2241 τός·
284 2186 338 2236 τὸ
384 2187 422 2235 δ’
462 2186 655 2252 ἐχθροὺς
700 2187 808 2248 ἡμῖν
852 2186 1282 2248 “Λακεδαιμονιόυς
1327 2185 1535 2245 ἔσεσθαι,
1576 2191 1658 2235 νῦν

144 2269 224 2320 ἐὰν
263 2270 538 2332 Χποιώμεθα
583 2268 864 2335 συμμάχους
904 2268 1150 2334 Ἀρκάδων
1195 2266 1300 2320 τοὺς
1340 2267 1658 2330 βουλομένους

1377 2384 1399 2402 o·

196 2416 218 2444 g
236 2425 275 2456 γε
297 2411 331 2444 S.
374 2411 572 2456 Legebatur
590 2411 679 2444 τότε.
840 2406 860 2433 h
882 2408 1157 2455 συμβουλεύσει]
1184 2407 1413 2453 συμβουλεύει
1433 2409 1473 2442 Ε.
1505 2410 1658 2452 συμβου-

856 2459 894 2495 δὴ

143 2503 234 2538 λεύει
253 2505 296 2539 Y.
395 2502 404 2529 i
425 2505 477 2538 καὶ
498 2517 569 2538 om.
593 2504 627 2537 S.
730 2501 750 2528 k
771 2504 828 2549 δὴ]
853 2504 889 2537 δε
911 2505 948 2538 F.
979 2504 1015 2537 δὲ
1036 2504 1077 2538 Y.
1175 2500 1186 2528 Ῑ
1207 2504 1399 2548 ἐπιτρέπειν
1418 2503 1559 2549 ἀδικεῖν]
1584 2503 1656 2536 ἀδι-

144 2559 211 2591 κεῖν
239 2558 428 2603 ἐπιτρέπειν
450 2557 494 2592 Ῡ.
538 2557 729 2601 ἐπιτρέπειν
759 2557 842 2600 ὑμᾶς
869 2556 994 2590 ἀδικεῖν
1021 2557 1099 2591 F.S.
1143 2557 1334 2600 ἐπιτρέπειν
1362 2555 1447 2598 ἡμᾶς
1474 2555 1599 2588 ἀδικεῖν
1624 2568 1656 2589 v.

146 2615 176 2635 m
196 2611 248 2643 καὶ
267 2611 426 2655 πράττειν
444 2609 495 2644 ἀεὶ
513 2610 596 2643 AB.
636 2610 836 2654 Legebatur
855 2609 905 2642 ἀεὶ
925 2610 976 2642 καὶ
996 2610 1169 2655 πράττειν.
1261 2614 1279 2632 ¹¹
1300 2610 1453 2642 τοιοῦτος
1474 2608 1508 2642 S.
1545 2608 1657 2653 Lege-

145 2678 247 2712 batur
267 2679 318 2712 καὶ
336 2681 499 2713 τοιοῦτος.
610 2683 628 2702 ⁰
648 2678 755 2722 παρὰ]
779 2678 857 2722 περὶ
876 2689 908 2711 v.
1038 2683 1058 2710 P
1076 2676 1333 2721 βοηθήσοντας]
1357 2671 1594 2718 βοηθήσῗιντας
1615 2676 1654 2710 F.

145 2730 379 2774 βοηθήσοντας
397 2744 430 2765 v.
542 2737 561 2763 q
580 2729 620 2764 ἂν
639 2742 708 2763 om.
732 2732 766 2763 S.
877 2735 892 2753 ¹·
912 2731 970 2762 νῦν
991 2730 1080 2771 (sine
1100 2732 1261 2772 accentu)
1282 2729 1349 2762 hoc
1368 2729 1445 2761 loco
1467 2729 1503 2762 S,
1545 2729 1656 2773 Lege-

146 2783 248 2817 batur
266 2789 346 2817 ante
366 2784 569 2827 κτησόμεθα.
612 2783 719 2816 Plane
739 2782 871 2815 omittit
890 2783 931 2815 A.
1035 2787 1050 2806 S
1071 2781 1121 2814 ἐπ’
1137 2782 1194 2815 αὐτ
1203 2783 1240 2814 ὸν
1261 2782 1396 2823 (αὐτοὺς
1419 2782 1470 2823 S.)
1492 2780 1651 2826 ἐχθροὺς]

146 2836 288 2880 ἐχθροὺς
303 2835 352 2870 ἐπ’
366 2837 468 2870 αὐτὸν
485 2836 657 2870 F.Y.O.V.
733 2834 747 2859 t
767 2836 835 2868 δεῖν
850 2835 939 2879 φημὶ
957 2835 1041 2868 A.S.
1073 2835 1272 2880 Legebatur
1287 2835 1373 2878 φημὶ
1395 2834 1476 2867 δεῖν.
1554 2839 1574 2857 ¹¹
1593 2835 1654 2866 λα-

0 2881 1 2932 }
146 2888 371 2931 κεδαιμονίους
391 2890 533 2923 ἔσεσθαι
552 2889 634 2922 A-S.
670 2888 869 2933 Legebatur
887 2887 1030 2921 ἔσεσθαι
1049 2886 1339 2929 Λακεδαιμονίους.
1424 2891 1443 2910 ¹
1463 2885 1652 2932 ποιώμεθα]

0 2944 2 2988 ζ
145 2941 362 2983 ποιησώμεθα
382 2941 552 2976 F.Y.O.v.

204 3013 300 3040 voL.
325 3015 354 3040 1.
872 3014 896 3038 F
919 3001 940 3039 f
