1903 3271
277 186 362 228 378
821 192 1247 229 ΔΗΜοΣΘΕΝοΎΣ
1403 190 1486 229 οη.
1512 189 1648 229 xlx.
1672 203 1712 244 p.
1727 189 1823 242 361,

277 304 443 349 τοῦτον
470 297 489 325 ‘¹

498 300 633 350 πάντ’
662 301 910 363 ἐσκόπουν,
936 301 1054 367 πρὸς
1080 307 1244 352 τοῦτον
1270 305 1534 353 “ε’ποιοῦντο
1559 300 1645 365 τὴν
1670 300 1821 367 εἶρή-5

281 405 381 447 νην.
424 383 536 448 λε’γε
563 384 619 447 δὴ
651 385 930 436 τάπίλοιπα.
975 387 1049 434 καὶ
1081 390 1300 435 σκοπεῖτε
1338 383 1458 435 Ῡτίνα
1494 385 1789 435 πιστεύσαν-

279 488 354 519 τες
391 468 441 516 τί
475 467 702 534 ἔπασχον.
746 465 838 532 ἆρά
873 491 925 532 γε
967 467 1103 530 ὅμοια
1138 465 1166 530 ἦ
1202 467 1519 532 παραπλήσια
1564 467 1631 521 οἷς
1660 469 1795 521 οὗτος
1845 505 1850 510 -

279 550 648 615 ἓάπήγγελλεν,
693 551 814 615 λε’γε.

678 643 911 690 hAOI'MA
948 650 1397 691 AMQIKTTONQN.

214 738 261 779 71
354 721 562 781 Τούτων,
591 718 627 770 (ἶ)
653 720 815 786 ἄνδρες
840 723 1095 785 Ἀθηναῖοι,
1117 721 1348 787 δεινότερα
1376 721 1447 772 i01)
1472 723 1664 787 γέγονεν
1691 722 1794 774 οὐδὲ
1813 747 1850 770 ιο

279 804 415 870 μείζω
465 804 703 869 πράγματ’
749 805 821 872 ἐφ’
870 805 1001 867 ἡμῶν
1051 806 1100 854 ἐν
1139 810 1233 857 τοῖς
1271 804 1531 868 ’Ἐλλησιν,
1578 804 1704 867 οἶμαι
1754 810 1794 857 δ’

280 889 373 938 οὐδ’
402 889 449 937 ἐν
476 891 542 956 τῷ
567 886 807 953 1(πρόσθεν
832 886 1001 956 χρόνῳ.
1045 889 1334 951 τηλικούτων
1359 889 1516 951 μέντοι
1542 892 1615 940 καὶ
1640 889 1791 940 τοιού-

755 970 763 996 l

281 994 376 1022 των
414 970 710 1036 πραγμάτων
773 972 926 1035 κύριος
966 970 1028 1024 εἷς
1071 971 1187 1037 ἀνὴρ
1239 973 1477 1025 Φίλιππος
1518 973 1681 1037 γέγονε
1722 973 1797 1024 διὰ

281 1055 485 1117 τούτους,
513 1057 657 1119 οὔσης
684 1059 805 1119 ΙΠτῆς
829 1057 1094 1119 Ἀθηναίων
1112 1055 1309 1117 πόλεως,
1338 1054 1366 1123 ᾗ
1392 1056 1678 1122 προεστάναι
1704 1061 1798 1108 τῶν
1813 1077 1847 1110 ¹5
1890 1093 1893 1098 -

280 1140 535 1204 “Ελλήνων
559 1140 757 1206 πάτριον
783 1142 858 1190 καὶ
883 1140 1027 1204 μηδὲν
1064 1147 1298 1191 Πτοιοῦτον
1328 1146 1550 1206 περιορᾶν
1575 1140 1794 1206 γιγνόμε-

283 1246 376 1274 νον.
418 1221 471 1272 ὃν
496 1221 580 1285 μὲν
604 1223 759 1272 τοίνυν
785 1222 960 1288 τρόπον
997 1226 1036 1272 οἱ
1076 1223 1365 1287 ταλαίπωροι
1402 1227 1578 1276 Φωκεῖς
1604 1224 1796 1274 ἀπολώ-
1859 1246 1881 1276 ”.

282 1313 442 1367 λασιν,
483 1307 537 1356 οὐ
575 1304 720 1369 μόνον
760 1307 809 1355 ἐκ
849 1310 943 1356 τῶν
977 1305 1226 1371 δογμάτων
1263 1306 1476 1356 Οτούτων
1510 1307 1641 1357 ἔστιν
1675 1310 1798 1369 ἰδεῖν,

217 1389 414 1454 72ἀλλά
453 1392 528 1441 καὶ
566 1391 616 1440 ἐκ
653 1393 748 1439 τῶν
786 1389 935 1454 ἔργων
979 1388 1010 1438 ἂ
1051 1389 1328 1455 πέπρακται,
1371 1389 1521 1452 θέαμα
1556 1388 1721 1448 δεινὸν,
1762 1388 1799 1440 ὦ

283 1474 444 1540 ἄνδρες
480 1477 736 1536 Ἀθηναῖοι,
763 1474 838 1522 καὶ
875 1473 1090 1523 ἐλεεινόν·
1133 1474 1208 1524 ὅτε
1241 1473 1334 1539 γὰρ
1371 1479 1452 1523 νῦν
1488 1473 1852 1539 ἐπορευόμεθατο

1010 1555 1028 1563 Α
1350 1562 1366 1569 a

284 1561 345 1609 εἰς
385 1555 623 1625 Δελφοὺς,
663 1555 719 1624 ἐξ
757 1555 964 1620 ἀνάγκης
1002 1563 1058 1620 ἠν
1097 1558 1241 1622 Ρόρᾶν
1282 1558 1389 1619 ἡμιν
1427 1557 1609 1607 ιιπάντα
1641 1563 1801 1620 ταῦτα,

285 1640 429 1692 οἰκίας
468 1639 866 1702 κατεσκαμμένας,
906 1639 1035 1705 τείχη
1073 1639 1400 1706 περιῃρημένα,
1436 1639 1596 1706 χώραν
1634 1641 1805 1704 ἔρημον

284 1728 380 1774 τῶν
412 1724 459 1773 ἐν
499 1723 671 1790 ἡλικίᾳ,
705 1721 875 1786 γύναια
908 1721 955 1772 δὲ
995 1724 1070 1772 καὶ
1104 1722 1327 1788 παιδάρια
1360 1723 1501 1787 ὀλίγα
1534 1723 1609 1772 καὶ
1646 1744 1798 1788 πρεσ-

285 1807 431 1868 βύτας
471 1806 746 1872 ἀνθρώπους
785 1804 1007 1870 οἰκτροὺς,
1051 1807 1166 1856 Γοὐδ’
1209 1804 1267 1855 ἂν
1306 1805 1367 1858 εἶς
1413 1805 1607 1856 εδύναιπ
1642 1805 1796 1873 ἐφικέ-
1814 1824 1851 1858 ²5

220 1909 271 1953 73
286 1893 403 1940 σθαι
440 1892 507 1958 τῷ
540 1886 672 1958 λόγῳ
711 1892 806 1938 τῶν
840 1889 934 1938 ἐκεῖ
963 1893 1119 1939 κακῶν
1149 1894 1231 1939 νῦν
1258 1888 1418 1940 ὅντων.
1459 1888 1590 1939 ἀλλὰ
1615 1888 1708 1953 μὴν
1734 1888 1805 1940 ὅτι

286 1972 372 2037 τὴν
415 1973 627 2023 ἐναντίαν
671 1971 784 2022 ποτὲ
832 1973 1064 2035 Θηβαίοις
1108 1975 1278 2040 ψῆφον
1324 1973 1480 2022 ε”θεντο
1525 1973 1652 2022 οὗτοι
1702 1974 1806 2038 περὶ

286 2056 438 2119 ῑὴμῶν
476 2054 620 2121 ιιὑπὲρ
661 2057 1048 2121 ἀνδραποδισμοῦ
1091 2062 1109 2080 X
1130 2059 1454 2121 προτεθεῖσαν,
1490 2057 1618 2119 ὑμῶν
1659 2055 1806 2121 ἔγωγε

287 2139 440 2190 ἀκούω
466 2138 672 2190 πάντων.
717 2140 826 2189 Ῡτι’ν’
855 2137 912 2188 ἂν
943 2139 1023 2189 οὖν
1059 2138 1228 2199 οἴεσθε,
1255 2136 1318 2188 Ζῶ
1357 2138 1518 2204 ἄνδρες
1550 2141 1805 2202 Ἀθηναῖοι,

286 2223 393 2277 τοὺς
418 2222 680 2288 προγόνους
706 2224 848 2285 ὑμῶν,
876 2226 913 2272 εἰ
945 2222 1139 2281 λάβοιεν
1166 2221 1407 2285 αἴσθησιν,
1434 2224 1605 2289 ψῆφον
1630 2219 1659 2285 ἢ
1685 2221 1802 2287 γνώ-
1815 2230 1880 2286 36·“

345 2355 360 2378 ‘³
379 2355 476 2390 πάντ’
497 2357 667 2390 ἐσκόπουν
686 2356 772 2401 πρὸς
790 2358 912 2389 τοῦτον
931 2368 1001 2390 om.
1018 2356 1207 2391 A.F.k.r.s.
1230 2357 1264 2389 in
1283 2371 1338 2402 γρ.
1357 2357 1488 2391 habeut
1509 2357 1598 2396 B.Q.
1678 2362 1694 2382 e
1714 2357 1806 2391 ἐποι-

291 2409 408 2455 οῦντο]
433 2410 555 2444 πάντες
575 2409 752 2442 ἐποιοῦντο
773 2408 896 2447 F.Q.r.
1015 2406 1030 2433 f
1047 2409 1120 2443 τίνα
1140 2408 1388 2444 πιστεύσαντες
1408 2410 1441 2443 τί
1460 2411 1615 2454 ἔπασχον
1636 2410 1670 2444 S.
1700 2411 1734 2444 τί
1752 2424 1806 2444 ⁷¹¹1.-

294 2462 504 2497 στεῦσαντες
531 2462 565 2496 τί
583 2462 708 2495 ἔπαθον
728 2461 970 2500 F.Q.O.t.u.v.
1008 2461 1082 2495 τίνα
1101 2462 1350 2497 πιστεύσαντες
1369 2461 1404 2496 τί
1421 2463 1548 2497 ἔπαθον
1565 2463 1609 2497 Y.
1649 2464 1724 2497 τίνα
1751 2477 1806 2498 πι-
1892 2418 1897 2532 Ι

291 2515 501 2550 στεὺσαντες
528 2517 602 2549 τίνα
631 2515 757 2548 ἔπαθον
775 2529 830 2560 γρ.
852 2515 896 2554 Q.
940 2515 1013 2548 τίνα
1037 2514 1285 2550 πιστεύσαντες
1311 2513 1363 2549 οἷα
1391 2516 1517 2550 ἔπαθον
1535 2528 1562 2550 r.
1593 2514 1647 2550 οἷα
1665 2515 1808 2550 πιστεύ-

291 2583 413 2604 σαντες
434 2566 487 2602 οἷα
506 2569 632 2602 ἔπαθον
650 2568 765 2601 A.k.s.
787 2574 823 2601 et
842 2583 896 2613 γρ.
921 2568 955 2601 S.
1071 2574 1092 2601 g
1111 2567 1329 2613 ἀπήγγελλεν
1351 2569 1376 2602 F
1395 2568 1668 2607 S.Y.Q.1·.t.u.v.
1698 2569 1806 2616 ἀπῆγ-

291 2624 410 2668 γειλλε
431 2621 475 2656 Ο.
506 2621 707 2667 Legebatur
725 2619 942 2667 ἀπήγγειλεν.
1085 2618 1103 2645 h
1124 2621 1260 2668 Δόγμα]
1286 2622 1437 2666 δόγματα
1458 2622 1578 2656 O.11.v.
1717 2619 1726 2646 i
1747 2621 1803 2668 οὗ]

292 2677 369 2709 οὔτε
388 2674 550 2713 A.Q.k.r.
696 2671 717 2698 k
737 2674 906 2720 πρόσθεν]
931 2675 1126 2719 ἔμπροσθεν
1145 2686 1172 2708 s.
1313 2672 1322 2698 l
1342 2673 1454 2720 κύριος
1472 2672 1518 2710 εἷς
1537 2675 1638 2721 ἀνὴρ]
1662 2673 1708 2710 εἷς
1727 2675 1808 2721 ἀνὴρ

718 2736 777 2760 της

293 2769 404 2816 κύριος
422 2782 450 2804 r.
563 2775 593 2794 m
613 2768 689 2815 τῆς]
713 2772 781 2803 τῶν
801 2769 846 2803 Ο.
959 2775 980 2794 ¹1
999 2769 1172 2815 τοιοῦτον]
1196 2772 1329 2804 τοιοῦτο
1350 2770 1394 2808 Q.
1495 2776 1514 2795 ⁰
1533 2769 1663 2805 τούτων
1682 2782 1752 2805 om.
1771 2782 1806 2804 u.

294 2827 310 2850 Ρ
330 2824 413 2869 ὁρᾶν
433 2821 525 2868 ἡμῖν]
549 2823 627 2866 ἡμῖν
645 2823 727 2867 ὁρᾶν
746 2824 776 2856 A
792 2823 861 2857 k.S.
1001 2829 1020 2856 (1
1042 2823 1168 2869 πάντα]
1192 2822 1323 2856 ἅπαντα
1342 2824 1457 2858 A.k.s.
1527 2834 1531 2837 '
1596 2829 1611 2848 Γ
1630 2821 1700 2858 οὐδ’
1723 2822 1806 2859 S.Y.

292 2876 382 2912 ὅλως
396 2877 432 2911 δέ
453 2875 522 2910 οὐδ’
544 2876 661 2922 vulgo.
773 2881 787 2900 ⁵
807 2875 943 2910 δύναιτο
962 2882 1043 2922 post
1062 2876 1242 2921 ἐφικέσθαι
1262 2876 1290 2910 F
1294 2875 1535 2915 .Q.O.r.t.u.v.
1557 2883 1637 2923 post
1655 2878 1750 2924 λόγῳ
1761 2877 1804 2911 A.

291 2930 358 2963 k.s.
495 2928 510 2954 t
528 2928 637 2975 ἡμῶν]
662 2928 755 2972 ὑμῶν
774 2929 890 2963 A.k.s.
1024 2934 1044 2953 ¹¹
1065 2928 1168 2975 ὑπὲρ]
1193 2929 1258 2962 ὑπὸ
1280 2929 1391 2963 O.t.u.
1520 2935 1540 2955 X
1559 2927 1802 2976 προτεθεῖσαν]

291 2982 546 3027 προστεθεῖσαν
566 2981 680 3016 O.t.u.
792 2988 810 3015 y
830 2983 915 3022 τίνα,
937 2982 1067 3016 omisso
1085 2980 1137 3023 ἂν,
1158 2983 1189 3016 Α
1206 2982 1366 3021 F.Q.k.s.
1477 2988 1495 3008 Ζ
1516 2979 1544 3017 ὦ
1562 2994 1633 3017 om.
1654 2983 1765 3017 A.k.s.

1868 3128 1874 3144 Ι

1889 2878 1891 2890 A

1888 2895 1892 2910 ί

1888 2916 1891 2995 i

1888 3101 1889 3115 1

1887 3152 1889 3164 Ι

1887 3181 1889 3190 v

1862 3160 1888 3271 k
