1882 3250
254 180 337 221 174
874 180 1179 235 [ΦΙΛΙΠΠΟΎ]
1492 181 1606 221 XII.
1629 195 1670 236 p.
1691 181 1785 236 163,
1802 196 1833 221 4.

252 298 352 346 ταῖς
378 296 544 343 ναυσὶν
563 297 625 347 εἷς
648 292 730 344 τὸν
752 293 1122 357 εΕλλήσποντον
1141 298 1437 359 παραβαλεῖν
1459 292 1765 358 ἠναγκάσθην

252 376 395 429 αὐτὰς
432 377 750 445 παραπέμψαι
777 377 852 427 διὰ
878 376 1188 443 Χερρονήσου
1227 382 1284 444 τῇ
1319 380 1535 444 στρατιᾷ,
1561 381 1656 426 τῶν
1680 375 1795 438 μὲν5

251 462 529 526 κληρούχων
577 461 696 510 κατὰ
745 461 799 511 τὸ
847 460 1182 525 Πολυκράτους
1229 460 1382 524 δόγμα
1433 460 1765 521 πολεμούντων

250 545 373 605 ἡμῖν,
414 546 541 605 ὑμῶν
583 543 631 594 δὲ
668 550 858 594 τοιαῦτα
896 544 1243 610 ψηφιζομένων,
1283 549 1364 594 τοῦ
1405 543 1453 593 δὲ
1494 549 1765 608 στρατηγοῦ

250 626 527 690 Βυζαντίους
567 650 614 676 τε
655 632 1044 691 παρακαλοῦντος
1088 629 1162 676 καὶ
1206 625 1606 691 Ξδιαγγέλλοντος
1645 625 1764 691 πρὸς·

248 708 456 763 ἅπαντας
510 711 580 760 ὅτι
631 712 885 771 τίπολεμεῖν
937 711 1061 776 αὐτῷ
1116 708 1449 773 προστάττετε,
1495 707 1552 758 ἂν
1602 708 1762 774 καιρὸν

184 809 232 848 18
248 793 392 860 λάβῃ.
437 800 628 844 τοιαῦτα
670 793 718 843 δὲ
761 792 967 859 πάσχων
1011 793 1136 855 ὅμως
1180 796 1262 854 τῆς
1311 791 1495 845 πόλεως
1547 794 1621 842 καὶ
1665 797 1760 842 τῶν
1776 815 1813 836 10

244 875 446 942 τριήρων
485 880 560 926 καὶ
599 880 680 939 τῆς
718 876 874 942 χώρας
909 874 1202 942 ἀπεσχόμην,
1239 874 1394 927 ἱκανὸς
1429 873 1494 925 ὧν
1528 874 1588 925 τὰ
1619 881 1757 926 πλεῖ-

246 981 342 1009 στα
387 965 554 1018 λαβεῖν
599 958 628 1022 ὴ
669 958 838 1019 πάντα,
881 961 955 1008 καὶ
1002 959 1296 1009 διατετέλεκα
1343 959 1762 1024 “προκαλου’μενος

242 1045 359 1104 ὑμᾶς
410 1047 471 1096 εἰς
520 1044 677 1108 κρίσιν
728 1045 881 1092 ἐλθεῖν
925 1042 1038 1107 ὑπὲρ
1089 1040 1154 1091 ὧν
1196 1042 1447 1105 αἰτιώμεθα
1493 1042 1754 1106 ἀλλήλους.

241 1127 387 1175 καίτοι
415 1130 674 1176 σκοπεῖσθε
713 1125 910 1191 πότερον
938 1123 1138 1175 κάλλιόν
1165 1127 1295 1175 ἐστιν
1326 1125 1491 1178 ὅπλοις
1530 1125 1558 1189 ὴ
1595 1126 1781 1192 λόγοιςι
1790 1152 1807 1184 5

239 1210 570 1274 διακρίνεσθαι,
599 1211 673 1259 καὶ
708 1209 907 1275 πότερον
937 1207 1102 1262 αὐτοὺς
1140 1206 1252 1259 εἶναι
1289 1208 1558 1274 βραβευτὰς
1594 1208 1623 1272 ὴ
1657 1215 1757 1260 πεῖ-

180 1312 224 1352 ¹9
239 1293 328 1342 σαί
363 1316 490 1346 τινας
529 1293 721 1359 ἑτέρους·
764 1295 838 1343 καὶ
872 1292 1109 1357 λογίζεσθ’
1140 1295 1200 1345 ὡς
1237 1293 1417 1357 ἄλογόν
1448 1295 1580 1343 ἐστιν
1604 1294 1752 1357 Ἀθη-

238 1377 392 1429 ναίους
444 1378 655 1429 Θασίους
707 1376 792 1438 μὲν
843 1379 918 1426 καὶ
972 1378 1280 1442 Μαρωνείτας
1332 1375 1600 1441 ἀναγκάσαι
1650 1378 1755 1442 περὶ

236 1460 454 1525 Στρύμης
482 1463 772 1525 διακριθῆναι
799 1461 976 1525 λόγοις,
1004 1460 1169 1513 αὐτοὺς
1203 1459 1250 1510 δὲ
1286 1459 1402 1526 πρὸς
1442 1460 1519 1523 ἐμὲ
1552 1459 1618 1524 μὴ
1656 1463 1754 1511 δια-

234 1543 480 1594 λύσασθαι
521 1548 625 1610 περὶ
665 1542 729 1594 ὧν
769 1547 1203 1612 Χάμφισβητοῦμεν
1240 1542 1322 1594 τὸν
1360 1543 1536 1609 τρόπον
1570 1549 1805 1607 τοῦτον,2ο

234 1627 397 1681 ἄλλως
449 1651 499 1677 τε
549 1630 623 1678 καὶ
668 1629 1024 1693 γιγνώσκοντας
1069 1627 1139 1677 ὅτι
1192 1627 1449 1690 νικηθέντες
1493 1627 1577 1690 μὲν
1621 1627 1752 1678 οὐδὲν

233 1713 531 1773 ἀποβαλεῖτε,
577 1712 897 1778 κρατήσαντες
942 1711 991 1762 δὲ
1031 1712 1253 1779 λήψεσθε
1299 1710 1358 1761 τὰ
1400 1717 1482 1761 νῦν
1523 1712 1599 1779 ὑφ’
1641 1712 1750 1775 ἡμῖν

233 1795 362 1846 ὅντα.

166 1905 220 1933 20
310 1879 512 1930 Πάντων
574 1881 628 1930 δέ
684 1904 761 1943 μοι
815 1882 941 1930 δοκεῖ
999 1879 1404 1944 παραλογώτατον
1454 1876 1580 1940 εἶναι,
1632 1878 1748 1930 διότι

230 1964 510 2030 πέμψαντος
559 1966 671 2027 ἐμοῦ
717 1965 942 2030 πρέσβεις
993 1963 1086 2014 ἀπὸ
1129 1966 1212 2026 τῆς
1251 1963 1524 2029 συμμαχίας
1567 1963 1743 2026 πάσης,
1759 1981 1796 2014 25

229 2047 286 2097 ἵν’
313 2045 403 2097 ὦσι
429 2047 673 2113 μάρτυρες,
701 2050 775 2098 καὶ
806 2048 1100 2111 βουλομένου
1137 2045 1434 2110 ποιήσασθαι
1471 2044 1590 2112 πρὸς
1630 2038 1747 2108 ὑμᾶς

230 2132 406 2185 δικαίας
446 2133 702 2197 ὁμολογίας
744 2132 858 2197 ὑπὲρ
895 2136 989 2182 τῶν
1032 2130 1299 2194 Ἑλλήνων,
1346 2130 1448 2180 οὐδὲ
1493 2129 1599 2183 τοὺς
1639 2125 1760 2195 περὶ.

228 2215 405 2265 τούτων
445 2216 618 2279 λόγους
659 2216 884 2283 ἐδέξασθε
924 2214 1055 2281 παρὰ
1089 2219 1183 2265 τῶν
1222 2213 1598 2279 πρεσβευόντων,
1636 2213 1745 2282 ἐξὸν

230 2300 335 2361 ὑμῖν
362 2298 388 2363 ὴ
416 2304 509 2349 τῶν
535 2300 757 2350 κινδύνων
789 2299 1068 2367 ἀπαλλάξαι
1107 2297 1213 2351 τους
1251 2297 1475 2364 δυσχερὲς
1507 2297 1742 2355 ,ὑποπτεύ-

228 2382 365 2435 οντάς
404 2406 447 2432 τι
489 2385 589 2434 καθ’
619 2384 764 2447 ἡμῶν,
791 2383 818 2448 ὴ
847 2389 1059 2452 φανερῶς
1085 2383 1330 2452 ἐξελέγξαι
1355 2405 1412 2444 με
1439 2382 1742 2451 φαυλότατον
1759 2392 1837 2443 164

163 2465 341 2517 216'1170(
382 2472 475 2517 τῶν
511 2466 749 2518 ἁπάντων.
792 2471 858 2535 τῷ
896 2467 979 2529 μὲν
1022 2468 1103 2517 οὖν
1142 2466 1273 2536 δήμῳ
1315 2474 1462 2518 ταῦτα
1497 2467 1740 2534 συνέφερε,

226 2555 321 2603 τοῖς
357 2550 403 2600 δὲ
433 2551 659 2615 λέγουσιν
686 2552 766 2601 οὐκ
793 2552 1072 2602 ἐλυσιτέλει.
1114 2553 1236 2618 φασὶ
1264 2550 1356 2616 γὰρ
1394 2554 1436 2600 οἱ
1472 2554 1554 2613 τῆς
1591 2557 1736 2601 πολι-

225 2635 346 2687 τείας
384 2637 466 2697 τῆς
498 2638 607 2701 παρ’
643 2637 748 2696 ὑμῖν
788 2636 1026 2700 Υέμπειροι
1065 2634 1149 2698 τὴν
1184 2634 1268 2696 μὲν
1308 2634 1492 2700 εἰρήνην
1525 2634 1738 2697 πόλεμον

223 2719 376 2770 αὐτοῖς
414 2717 540 2778 εἶναι,
566 2718 648 2769 τὸν
682 2719 729 2769 δὲ
759 2718 971 2781 πόλεμον
1005 2719 1200 2783 εἰρήνην·
1241 2718 1268 2782 ἢ
1295 2718 1386 2784 γὰρ
1413 2718 1763 2784 συναγωνιζῦ-5

279 2874 292 2891 S
313 2868 594 2914 διαγγέλλοντος]
621 2869 829 2904 Felicianus.
861 2869 1080 2915 διαγγέλλειν
1100 2870 1189 2904 libri.
1315 2870 1327 2894 t
1347 2873 1508 2914 πολεμεῖν
1528 2871 1734 2906 Felicianus.

223 2922 326 2954 πόλιν
345 2922 433 2955 libri.
559 2928 578 2946 ¹¹
598 2921 874 2967 προκαλούμενος
894 2922 994 2968 ὑμᾶς]
1020 2924 1103 2967 ὑμᾶς
1123 2922 1398 2969 προκαλούμενος
1417 2924 1508 2959 Y.O.
1634 2930 1653 2949 Χ
1673 2924 1734 2967 ἀμ-

224 2974 480 3020 φισβητοῦμεν]
505 2975 770 3020 ἀμφισβητοῦσι
790 2976 916 3011 Y.O.V.
1029 2983 1046 3009 Υ
1069 2977 1220 3022 ἔμπειροι
1240 2992 1295 3022 γρ.
1318 2977 1361 3011 O.
1391 2978 1533 3023 ἔμποροι
1552 2978 1669 3023 vulgo.
