1882 3250
67 171 157 211 142,
177 174 206 202 7.
618 161 760 198 ΚΑΤΑ
793 159 1067 198 ΦΙΛΙΠΠΟΥ
1099 162 1146 198 Δ.
1550 161 1629 201 151

127 270 242 337 ὑπὲρ
266 275 360 321 τῶν
385 271 434 320 ἐν
457 270 591 338 χρείᾳ
622 269 883 320 δοκούντων
908 268 1020 320 εἶναι
1055 269 1324 337 ἰπρότερον.
1365 270 1423 335 ἧν
1447 272 1550 321 ποτ’
1579 273 1633 321 οὐ

125 355 276 407 πάλαι
318 352 432 419 παρ’
481 351 639 416 1(ἡμῖν,
688 352 752 403 ὅτ’
799 353 851 403 οὐ
893 352 1095 420 προσῄει
1139 357 1197 420 τῇ
1240 353 1377 404 πόλει
1421 352 1632 404 τάλαντα

126 437 241 503 ὑπὲρ
278 436 525 503 τριάκοντα
563 438 638 486 καὶ
672 434 849 486 ἑκατόν·
890 438 963 486 καὶ
997 437 1143 490 οὐδεὶς
1179 435 1262 500 Ῑῆν
1286 441 1380 486 τῶν
1405 459 1626 503 τριηραρ-
1647 458 1685 479 10

124 525 223 587 χεῖν
259 520 523 583 δυναμένων
555 518 660 569 οὐδὲ
697 524 792 569 τῶν
830 520 1076 588 εἰσφέρειν,
1116 519 1248 573 ὅστις
1287 521 1369 570 οὐκ
1408 521 1542 589 ἠξίου
1572 521 1632 571 τὰ

125 603 389 667 καθήκοντα
434 611 465 630 ¹¹¹
481 604 553 671 ἐφ’
595 601 757 652 ἑαυτὸν
796 607 955 664 ποιεῖν,
996 601 1065 652 ὅτι
1103 601 1322 669 χρήματα
1360 604 1413 653 οὐ
1455 607 1631 670 περιῆν,

126 686 256 737 ἀλλὰ
313 688 387 736 καὶ
448 684 645 751 τριήρεις
708 684 875 735 ἔπλεον
923 687 998 734 καὶ
1048 684 1246 752 χρήματ’
1299 687 1506 751 ἐγίγνετο
1556 689 1633 738 καὶ

58 792 110 834 43
125 768 257 820 πάντ’
300 770 542 831 ἐποιοῦμεν
578 767 637 818 τὰ
671 766 846 818 δέοντα.
884 766 1003 830 μετὰ
1047 773 1195 818 ταῦτα
1235 769 1262 831 ἡ
1301 768 1433 835 τύχη,
1475 774 1632 822 καλῶς

123 859 340 915 ποιοῦσα,
397 851 563 902 πολλὰ
624 851 845 915 πεποίηκε
901 850 961 901 τὰ
1019 851 1163 913 κοινὰ,
1216 856 1290 902 καὶ
1351 852 1631 919 τετρακόσια
1647 874 1682 906 15

124 939 226 988 ἀντὶ
248 941 342 987 τῶν
367 935 532 986 ἑκατὸν
555 935 802 985 ταλάντων
829 934 1154 1001 προσέρχεται,
1182 935 1363 989 οὐδενὸς
1390 936 1521 987 οὐδὲν
1546 937 1628 1003 ζη-

124 1020 370 1085 μιουμένου
415 1024 509 1069 τῶν
555 1017 639 1072 τὰς
683 1019 846 1071 οὐσίας
887 1017 1104 1085 ἐχόντων,
1146 1019 1276 1069 ἀλλὰ
1316 1022 1392 1070 καὶ
1434 1028 1626 1086 Ππροσ·

125 1102 480 1168 λαμβανόντων·
522 1105 563 1152 οἱ
590 1100 683 1167 γὰρ
709 1103 894 1167 εὔποροι
919 1101 1091 1155 πάντες
1122 1102 1335 1169 ἔρχονται
1360 1103 1632 1171 μεθέξοντες

57 1187 301 1249 44τούτου,
330 1188 404 1238 καὶ
431 1190 587 1238 καλῶς
611 1190 843 1235 ποιοῦσιν.
887 1185 935 1235 τί
957 1186 1037 1235 οὖν
1065 1192 1082 1211 ⁰
1100 1185 1328 1249 μαθόντες
1353 1193 1490 1237 τοῦτο
1516 1189 1632 1237 ὀνει-
1644 1208 1685 1229 20

12 1288 16 1352 ι
126 1272 305 1338 δι’ζομεν
331 1269 562 1334 ἀλλήλοις
600 1273 674 1319 καὶ
700 1268 943 1336 προφάσει
980 1269 1202 1335 χρώμεθα
1237 1275 1319 1320 τοῦ
1343 1270 1486 1333 μηδὲν
1512 1275 1633 1321 Ι’τῶν

12 1385 17 1457 1
125 1356 323 1407 δεόντων
364 1359 523 1415 ποιεῖν,
568 1352 697 1416 πλὴν
742 1357 806 1403 (Ιεὶ
849 1357 907 1420 τῇ
948 1353 1078 1420 παρὰ
1121 1356 1203 1417 τῆς
1249 1353 1393 1421 τύχης
1438 1355 1634 1423 βοηθείᾳ

14 1478 15 1482 ,
125 1440 345 1507 γεγονυίᾳ
383 1443 477 1491 τοῖς
513 1438 704 1503 ἀπόροις
743 1442 1039 1505 φθονοῦμεν;
1081 1437 1159 1490 οὓς
1198 1439 1290 1488 οὔτ’
1320 1436 1376 1488 ἂν
1403 1439 1635 1488 αἰτιασαί-

12 1487 17 1596 ,
59 1547 112 1588 45
127 1547 220 1588 μην
246 1523 391 1588 ε”γωγε
424 1522 515 1572 οὔτ’
544 1521 674 1589 ἀξιῶ.
715 1521 842 1572 Γοὺδὲ
868 1522 961 1587 γὰρ
995 1523 1043 1572 ἐν
1067 1526 1167 1574 ταῖς
1194 1521 1327 1575 ἰδίαις
1352 1522 1513 1574 οἰκίαις
1539 1523 1633 1586 ὁρῶ

0 1594 9 1707 ι
126 1612 220 1658 τῶν
246 1608 293 1657 ἐν
320 1606 478 1674 ἡλικίᾳ
514 1604 633 1670 πρὸς
670 1604 776 1658 τοὺς
813 1606 1163 1671 πρεσβυτέρους
1201 1607 1321 1656 οὕτω
1348 1607 1683 1669 διακείμενονῑὸ

127 1691 222 1742 οὐδ’
265 1691 408 1742 οὕτως
451 1689 701 1754 ἀγνώμονα
742 1690 833 1739 οὐδ’
879 1689 1084 1740 5οἵτοπον
1128 1694 1222 1740 τῶν
1264 1688 1412 1740 ὄντων
1456 1689 1632 1752 οὐδένα,

127 1772 264 1835 ὥστε,
299 1776 336 1823 εἶ
374 1771 438 1835 μὴ
473 1772 758 1836 ποιήσουσιν
779 1770 978 1826 ἅπαντες
1014 1772 1118 1823 tgff'
1153 1772 1209 1823 ἂν
1248 1772 1399 1835 αὐτὸς,
1438 1774 1491 1823 οὐ
1531 1771 1627 1842 φά-

128 1879 305 1908 σκοντα
346 1855 560 1918 ποιήσειν
599 1854 729 1906 οὐδὲν
766 1857 858 1906 οὐδ’
895 1855 1048 1906 αὐτόν·
1089 1859 1163 1906 καὶ
1202 1855 1294 1922 γὰρ
1330 1855 1386 1907 ἂν
1420 1862 1516 1909 τοῖς
1549 1859 1632 1920 τῆς

14 1973 17 2032 Ι
127 1941 376 1992 κακώσεως
414 1939 480 2002 εἴη
517 1939 672 2002 νόμοις
712 1938 844 1992 οὗτός
887 1947 978 2004 “γε
1019 1941 1194 2007 ἔνοχος·
1238 1943 1310 1991 δεῖ
1342 1940 1447 2007 γὰρ,
1493 1939 1729 2005 οῖμαι,ῐ42

127 2029 223 2077 τοῖς
260 2029 450 2089 γονεῦσι
494 2023 576 2072 τὸν
617 2024 877 2089 ὡρισμένον
919 2023 976 2091 ἐξ
1014 2024 1294 2091 ἀμφοτέρων
1338 2025 1514 2090 ἔρανον,
1559 2027 1634 2075 καὶ

125 2106 254 2173 παρὰ
292 2110 373 2169 τῆς
412 2105 600 2174 φύσεως
643 2108 718 2156 καὶ
757 2106 887 2172 παρὰ
925 2113 1006 2157 τοῦ
1048 2106 1205 2170 νόμου,
1252 2108 1436 2161 δικαίως
1480 2108 1635 2177 φέρειν

126 2276 194 2328 τίς
231 2277 333 2324 ἐστι
370 2272 542 2338 γονεὺς,
571 2274 690 2323 οὕτω
722 2272 985 2337 συμπάσης
1019 2277 1100 2337 τῆς
1133 2273 1317 2328 πόλεως
1352 2275 1530 2328 κοινοὺς
1565 2279 1636 2326 δεῖ
1643 2296 1659 2328 5

0 2188 11 2263 {³
60 2202 114 2253 46
128 2194 202 2242 καὶ
241 2189 405 2240 ἑκόντα
448 2191 700 2241 ὑποτελεῖν.
740 2189 902 2255 ὥσπερ
937 2191 1091 2241 τοίνυν
1125 2190 1225 2244 ἑνὸς
1261 2193 1392 2254 ἡμῶν
1429 2191 1633 2242 ἑκάστου

0 2268 3 2330 ἱ

0 2376 3 2421 ι
125 2358 287 2424 γονέας
321 2355 428 2409 τοὺς
467 2355 749 2419 σύμπαντας
793 2357 1023 2422 ἡγεῖσθαι,
1064 2360 1139 2408 καὶ
1177 2357 1442 2424 4Ἰῖπροσήκει
1486 2367 1503 2395 )’
1518 2360 1628 2410 τού-

0 2485 2 2507 k

180 2562 189 2591 ἰ
210 2564 391 2611 πρότερον]
415 2563 588 2610 προτέρων
609 2563 645 2597 S.
783 2559 804 2586 k
824 2562 918 2608 ἡμῖν]
942 2564 1018 2608 ὑμῖν
1040 2566 1075 2599 S.
1215 2562 1225 2591 l
1245 2563 1301 2610 ἧν]
1326 2565 1400 2599 ἐστὶ
1421 2565 1630 2601 F.S.O.u.v.

468 2621 481 2637 Ε
648 2622 659 2637 ν

308 2441 317 2455 ‚
393 2440 415 2457 el
565 2437 585 2458 Φ
669 2440 678 2453 ἒ
771 2438 781 2454 l
934 2442 944 2457 l
1139 2444 1149 2458 ’
1265 2441 1278 2458 l
1536 2445 1546 2459 ³
1620 2445 1630 2460 '

0 2413 19 2545 ἰ
126 2464 231 2494 τους
269 2463 355 2507 ουχ
391 2463 517 2493 οπως
552 2463 616 2489 ων
654 2463 681 2503 η
719 2446 858 2493 πολις
896 2443 1089 2491 διδωσιν
1124 2446 1388 2510 αφελεσθαι
1427 2465 1485 2505 τι,
1520 2450 1619 2494 αλλ

16 2564 19 2635 i

16 2638 19 2695 Ι
127 2658 156 2677 ¹¹¹
176 2651 230 2698 ἐφ’
251 2652 370 2686 ἑαυτὸν
391 2652 426 2685 S.
456 2650 516 2695 αφ’
538 2652 658 2684 ἑαυτου
678 2651 718 2685 F.
749 2649 809 2694 ἀφ’
830 2652 948 2685 ἑαυτοῦ
969 2653 1085 2697 vulgo.
1239 2658 1253 2673 ¹¹
1273 2653 1627 2699 προσλαμβανόντων]

884 2710 905 2726 π

124 2738 450 2783 προσλαμβάνοντος
469 2737 551 2771 A.S.
636 2743 654 2762 0
673 2736 853 2782 μαθόντες]
877 2738 1042 2779 μαθόντες
1062 2738 1175 2772 F.u.v.
1205 2737 1370 2773 παθόντες
1389 2739 1430 2773 Y.
1527 2748 1545 2777 Ρ
1565 2742 1632 2773 τῶν

125 2791 267 2825 δεόντων
287 2803 355 2825 om.
379 2792 413 2825 S.
525 2796 544 2823 q
565 2791 594 2824 εἶ
616 2791 650 2824 S.
681 2791 879 2836 Legebatur
899 2791 928 2824 εἷ
947 2790 1004 2835 μή.
1035 2791 1117 2825 Vid.
1138 2792 1182 2825 ad
1202 2804 1235 2836 p.
1253 2801 1316 2838 91,
1337 2791 1396 2826 26.
1501 2798 1515 2816 Γ
1534 2793 1629 2839 οὐδὲ]

124 2846 200 2878 οὔτε
220 2846 264 2878 A.
385 2851 398 2870 δ’
419 2844 546 2877 ἅτοπυν
565 2847 631 2877 τῶν
650 2843 772 2890 ὅντων]
797 2843 1016 2879 ἀτοπώτατον
1034 2843 1115 2878 ὅντα
1135 2844 1339 2879 F.Y.O.u.v.
1461 2842 1475 2869 t
1494 2844 1549 2879 ὅσ’
1569 2843 1626 2892 ἂν]

125 2896 208 2930 ὅσον
230 2898 264 2932 S.
407 2903 421 2917 ¹¹
442 2911 481 2942 γε
503 2897 539 2932 S.
570 2912 606 2931 τε
627 2897 670 2932 Ο.
701 2899 778 2932 τότε
797 2897 914 2942 vulgo,
1060 2903 1080 2922 Χ
1100 2897 1281 2944 προσήκει]
1306 2897 1489 2944 προσήκειν
1510 2898 1629 2935 O.u.v.

124 2955 143 2983 Y
162 2949 318 2997 τούτους]
340 2949 474 2986 τούτοις
491 2965 546 2996 γρ.
568 2963 599 2984 v.
