1882 3250
259 194 315 236 36
805 200 1231 239 ΔΗΜΟΣΘΕΝΟΤΣ
1419 199 1503 238 On.
1526 198 1682 254 111.p.
1703 211 1773 253 31,
1796 214 1856 254 244

258 307 424 359 τούτου
450 310 595 372 μόνου
619 310 973 374 περιγίγνεσθαι
1004 311 1277 373 μέλλοντος,
1303 314 1495 361 Ζπαθεῖν
1521 312 1687 364 ἀδίκως
1723 334 1768 362 τι

258 391 400 442 κακὸν
425 391 507 442 τὸν
539 393 668 443 ταῦτ’
699 391 888 443 εἰπόντα
926 395 1000 443 καὶ
1033 393 1304 461 γράψαντα,
1331 393 1474 457 μηδὲν
1500 393 1547 444 δὲ
1575 397 1762 462 ὠφελῆ-
1783 414 1822 446 25

257 497 340 525 σαι
371 475 430 526 τὰ
463 475 733 541 πράγματα,
761 475 891 526 ἀλλὰ
925 478 998 525 καὶ
1036 480 1097 530 εἰς
1132 476 1185 527 τὸ
1211 476 1380 528 λοιπὸν
1416 483 1606 539 μᾶλλον
1639 477 1705 528 ἔτι
1737 476 1768 542 ἢ

194 578 243 616 14
258 565 338 609 νῦν
365 559 418 609 τὸ
439 559 498 609 τὰ
518 560 751 620 βέλτιστα
772 559 925 624 λέγειν
945 559 1272 627 φοβερώτερον
1291 563 1503 623 ποιῆσαι.
1547 564 1621 611 καὶ
1640 561 1771 611 λύειν

255 664 324 706 γε,
342 640 377 692 ὦ
394 643 555 708 ἄνδρες
574 644 835 706 Ἀθηναῖοι,
860 640 967 696 τοὺς
984 640 1151 706 νόμους
1171 647 1242 694 δεῖ
1256 643 1471 696 ξιτούτους
1488 643 1593 697 τοὺς
1605 645 1769 698 αὐτοὺς

255 725 416 793 ἀξιοῦν
442 727 572 792 οἵπερ
599 728 674 776 καὶ
699 726 978 777 τεθείκασιν·
1022 728 1074 777 οὐ
1100 726 1193 792 γάρ
1231 729 1334 777 ε’στι
1369 728 1543 778 δίκαιον
1575 727 1660 791 τὴν
1684 727 1835 791 μὲν3α

254 808 405 874 χάριν,
444 808 472 872 ἢ
510 814 674 860 πᾶσαν
716 808 954 869 1’ἔβλαπτε
991 808 1077 873 τὴν
1116 808 1272 870 πόλιν,
1316 815 1412 862 τοῖς
1449 808 1552 860 τότε
1594 814 1770 862 εθεῖσιν

256 891 492 958 ὑπάρχειν,
531 891 616 955 τὴν
651 893 688 942 δ’
731 894 994 958 ἀπέχθειαν,
1027 894 1080 941 δι’
1118 889 1197 955 ᾱῆς
1231 890 1311 941 ‘³0'ch
1346 891 1546 945 ἅπαντες
1582 893 1771 956 ἄμεινον

252 972 528 1041 πράξαιμεν,
575 977 640 1042 τῷ
687 980 768 1024 νῦν
818 973 877 1023 τὰ
918 973 1154 1034 βέλτιστα
1199 972 1372 1024 εἰπόντι
1422 973 1586 1039 ζημίαν
1635 975 1764 1041 γενέ-

190 1072 239 1115 15
253 1062 380 1108 σθαι.
435 1059 544 1123 πρὶν
586 1056 633 1107 δὲ
683 1063 831 1107 ταῦτα
879 1058 1161 1123 εὐτρεπίσαι,
1214 1061 1452 1121 μηδαμῶς,
1502 1057 1538 1108 ὦ
1587 1058 1797 1125 ῑᾶνδρεςε

251 1142 506 1204 Ἀθηναῖοι,
533 1140 685 1204 μηδέν’
708 1141 892 1209 ἀξιοῦτε
916 1146 1194 1205 τηλικοῦτον
1220 1139 1334 1191 εἶναι
1359 1143 1467 1208 παρ’
1489 1143 1623 1206 ἕὺμῖν
1644 1142 1769 1193 ὥστε

251 1224 358 1277 τοὺς
400 1225 568 1287 νόμους
609 1225 800 1278 τούτους
837 1224 1122 1290 παραβάντα
1161 1223 1226 1289 μὴ
1269 1227 1427 1276 δοῦναι
1475 1228 1619 1289 δίκην,
1660 1227 1766 1290 μηδ’

251 1309 396 1361 οὕτως
422 1306 619 1372 ἀνόητον
646 1307 770 1358 ὥστε
797 1313 858 1361 εἷς
883 1315 1126 1374 προῦπτον
1153 1308 1295 1360 κακὸν
1321 1309 1462 1359 αὑτὸν
1489 1311 1729 1372 ἐμβαλεῖν.

188 1398 238 1436 16
327 1392 401 1440 Οὐ
441 1390 534 1454 μὴν
582 1392 674 1441 οὐδ’
719 1391 860 1441 ἐκεῖνό
904 1392 949 1456 γ’
993 1393 1110 1454 ὑμᾶς
1161 1394 1344 1456 ἀγνοεῖν
1391 1394 1471 1454 δεῖ,
1517 1390 1555 1442 ὦ
1605 1392 1771 1458 ἄνδρες

249 1476 504 1538 Ἀθηναῖοι,
533 1477 602 1525 ὅτι
629 1474 866 1543 ψήφισμα
893 1474 1076 1528 οὐδενὸς
1103 1474 1238 1543 ἄξιόν
1263 1477 1408 1538 ἐστιν,
1435 1473 1490 1525 ἂν
1515 1474 1580 1538 μὴ
1605 1497 1761 1539 προσ·
1784 1497 1823 1519 ¹0

251 1558 439 1623 γε’νηται
473 1558 526 1608 τὸ
553 1564 700 1609 ποιεῖν
725 1559 901 1610 ἐθέλειν
927 1557 987 1610 τά
1011 1582 1065 1625 γε
1093 1559 1298 1627 δόξαντα
1334 1558 1586 1625 προθύμως
1631 1560 1765 1622 ὑμᾶς.

250 1644 287 1690 εἱ
325 1639 418 1705 γὰρ
455 1639 660 1706 αὐτάρκη
695 1640 754 1690 τὰ
787 1641 1085 1708 ψηφίσματα
1122 1640 1179 1704 ἧν
1214 1640 1242 1704 ἢ
1280 1642 1395 1704 ὑμᾶς
1428 1637 1700 1704 ἀναγκάζειν
1738 1638 1769 1689 ἃ

248 1723 478 1790 προσήκει
515 1725 738 1790 πράττειν
763 1724 790 1789 ὴ
817 1726 923 1791 περὶ
962 1722 1027 1774 ὧν
1058 1723 1145 1775 ᾕᾶν
1171 1728 1337 1793 γραφῇ
1377 1721 1768 1790 ἰδιαπράξασθαι,

249 1807 346 1858 οὔτ’
405 1806 462 1857 ἀν
513 1810 638 1870 ὑμεῖς
689 1808 855 1859 πολλὰ
906 1806 1219 1876 ψηφιζόμενοι
1268 1806 1424 1873 μικρὰ,
1474 1810 1666 1869 μᾶλλον
1718 1805 1763 1855 δ’

249 1890 381 1941 οὐδὲν
406 1890 655 1957 ἐπράττετε
693 1890 884 1953 τούτων,
913 1892 1016 1941 οὕτε
1054 1892 1294 1944 Φίλιππος
1331 1896 1562 1941 τοσοῦτον
1590 1889 1766 1955 ὑβρίκει
1781 1911 1820 1945 15

247 1974 430 2041 χρόνον·
469 1974 620 2025 πάλαι
658 1973 752 2038 γὰρ
793 1973 878 2023 Κᾶν
916 1973 1048 2024 ἕνεκά
1090 1997 1144 2039 γε
1185 1972 1520 2042 ψηφισμάτων
1560 1971 1767 2023 ἐδεδώκει

185 2075 231 2114 17
249 2059 394 2122 δίκην.
438 2057 551 2108 ἀλλ’
596 2058 682 2124 οὐχ
720 2059 840 2107 οὕτω
882 2058 1007 2107 ταῦτ’
1050 2056 1156 2123 ἔχει·
1199 2056 1253 2107 τὸ
1293 2056 1387 2122 γὰρ
1425 2054 1647 2121 πράττειν
1683 2060 1767 2105 τοῦ

249 2141 401 2206 λέγειν
434 2144 507 2192 καὶ
540 2145 817 2208 χειροτονεῖν
847 2141 1045 2206 ὕστερον
1082 2138 1134 2190 ὃν
1169 2144 1227 2208 τῇ
1261 2139 1406 2208 τάξει,
1442 2140 1672 2205 πρότερον
1707 2141 1767 2206 τῇ

249 2224 435 2286 δυνάμει
460 2227 533 2275 καὶ
560 2223 766 2290 κρεῖττόν
793 2225 936 2273 ἐστιν.
980 2225 1101 2274 τοῦτ’
1131 2225 1212 2275 οὖν
1238 2223 1330 2274 1δεῖ
1350 2228 1608 2289 προσεῖναι,
1635 2221 1694 2272 τὰ
1722 2223 1760 2271 δ’
1778 2244 1818 2267 20

248 2308 378 2358 ἄλλα
427 2306 673 2378 ΚΠὑπάρχει·
715 2308 789 2358 καὶ
840 2305 934 2373 γὰρ
986 2310 1127 2357 εἰπεῖν
1177 2306 1236 2357 τὰ
1281 2307 1442 2358 δεόντα
1492 2308 1602 2372 παρ’
1655 2307 1761 2370 ὑμῖν

304 2500 321 2518 2
342 2494 475 2539 παθεῖν]
499 2497 559 2527 τοῦ
578 2494 697 2527 παθεῖν
718 2491 1017 2527 A.B.F.Y.O.u.v.
1039 2498 1074 2526 et
1094 2504 1161 2526 rec.
1185 2492 1220 2525 S.
1350 2495 1364 2511 ἢ
1384 2490 1526 2527 τούτους
1546 2491 1625 2527 τοὺς
1644 2491 1766 2527 αὐτοὺς

250 2547 290 2583 F.
312 2549 397 2590 (nou
415 2548 458 2591 B)
475 2548 509 2581 S.
539 2547 618 2582 τοὺς
636 2547 756 2581 αὐτοὺς
776 2545 916 2581 τούτους
936 2546 1024 2579 A.Y.
1055 2544 1195 2580 τούτους
1213 2545 1336 2579 αὐτοὺς
1354 2545 1472 2590 vulgo.
1573 2541 1592 2569 b
1612 2545 1764 2586 ἔβλαπτε

252 2635 332 2670 RS.
370 2601 522 2675 E'BMtss-re
543 2633 582 2668 F.
632 2633 831 2678 Legebatur
851 2633 999 2676 ἔβλαψε.
1111 2636 1123 2652 ⁶
1144 2632 1271 2678 θεῖσιν]
1298 2631 1416 2675 θήσειν
1433 2632 1475 2666 Β.
1495 2632 1544 2674 (in
1565 2643 1635 2676 quo
1656 2631 1766 2665 θεῖσιν

249 2700 370 2732 margo
391 2700 410 2721 a
430 2700 475 2720 m.
496 2687 705 2730 recentiore)
724 2692 758 2719 ct
778 2686 817 2719 F.
941 2682 959 2709 d
982 2684 1035 2730 ἧς]
1061 2684 1098 2728 ἣν
1115 2685 1159 2719 Ο.
1282 2690 1298 2709 e
1318 2685 1358 2718 ἄν
1377 2683 1538 2729 ἅπαντες]
1562 2684 1706 2719 ἅπαντες
1725 2682 1765 2717 ἂν

250 2740 423 2777 A.Y.O.u.
534 2737 549 2764 f
565 2740 682 2784 ἄνδρες
702 2751 771 2773 om.
794 2739 837 2772 O.
960 2744 980 2771 g
1001 2738 1094 2784 ὑμῖν]
1120 2739 1196 2782 ἡμῖν
1216 2751 1267 2784 pr.
1292 2740 1326 2772 S.
1436 2735 1457 2762 h
1476 2735 1516 2770 ἂν
1534 2738 1652 2782 γραφῇ
1673 2737 1762 2771 Α.Ῡ.

248 2800 283 2827 et
312 2799 487 2828 correctus
512 2806 532 2827 a
564 2805 610 2828 m.
636 2792 875 2829 recentissima
905 2792 953 2831 S„
983 2792 1043 2837 qui
1071 2804 1091 2825 a
1119 2805 1171 2837 pr.
1192 2803 1238 2825 m.
1266 2793 1392 2838 γράφει
1419 2790 1438 2835 ἠ
1461 2790 1584 2825 habuit
1612 2789 1686 2824 sine
1709 2789 1761 2825 ἄν.

248 2855 374 2926 ’ζχῖάφέῖ
396 2881 481 2914 B.F.
511 2881 636 2925 γράφει
658 2880 802 2921 (omisso
821 2877 876 2923 ἂν)
891 2880 1006 2924 vulgo.
1084 2876 1091 2903 ῐ
1113 2877 1381 2925 διαπράξασθαι]
1407 2877 1424 2921 ἢ
1445 2876 1695 2921 διαπράξασθαι
1717 2876 1760 2910 B.

249 2946 328 2968 eum
349 2934 631 2979 interpunctione
651 2939 730 2967 ante
750 2935 781 2976 ἥ.
907 2929 927 2957 k
948 2932 989 2966 ἂν
1009 2945 1077 2966 om.
1097 2932 1141 2966 Ο.
1267 2929 1277 2958 l
1297 2932 1349 2965 δεῖ
1366 2929 1560 2977 προσεῖναι]
1584 2931 1763 2976 προσεῖναι

249 2988 300 3022 δεῖ
319 2987 407 3021 A.Y.
518 2992 547 3011 Π]
570 2986 728 3031 ὑπάρχει]
756 2986 918 3030 ὑπάρχειν
937 2998 972 3020 u.
