1882 3250
235 144 272 184 vi
824 147 1162 189 PRAEFATIO

234 260 422 319 δημοσίῳ
455 260 587 305 δὲκαὶ
612 265 869 313 τηλικοῦτον
891 263 1038 323 ἔχοντι
1063 260 1228 322 ἀξίωμα
1260 263 1384 322 λόγῳ
1417 263 1439 315 ἦ
1468 265 1690 325 προσώπῳ
1725 263 1748 316 ’ἦ

232 334 467 397 πράγματι
492 340 578 385 πῶς
602 334 653 382 ἂν
676 337 921 398 ἁρμόττοι;
957 339 1158 384 τοιοῦτόν
1183 340 1279 384 ἐστι
1309 339 1375 383 καὶ
1401 337 1456 383 τὸ
1481 339 1522 383 ἐν
1545 343 1609 396 τῷ
1635 338 1747 384 κατὰ

233 412 424 476 Νεαίρας
459 414 751 470 ὠβελισμένον
786 415 870 459 ὑπό
903 435 1039 468 τινων,
1077 415 1132 460 τὸ
1171 415 1259 460 ἀπὸ
1296 420 1426 477 τριῶν
1456 414 1749 477 τρυπημάτων

231 489 309 541 τὴν
332 490 543 551 ἐργασίαν
567 493 832 541 πεποιῆσθαι
862 491 1018 549 λέγειν·
1056 493 1152 536 λίαν
1183 491 1272 554 ’γὰρ
1297 493 1461 540 εὐτελές
1485 493 1598 544 ἐστι,
1622 492 1689 537 καὶ
1715 494 1752 537 εἷ

231 564 432 627 σφοδρὸν
457 565 556 611 εἶναι
583 565 705 610 δοκεῖ.
777 565 960 622 Quodsi
988 576 1170 612 veteres
1205 567 1281 612 isti
1317 567 1467 613 critici
1494 568 1747 612 verborum

232 641 439 695 illorum,
466 658 669 703 quorum
695 641 744 687 in
783 652 950 688 neutra
984 643 1198 688 oratione
1233 643 1384 688 ullum
1422 643 1472 688 in
1503 642 1750 689 codicibus

232 717 404 763 nostris
431 717 650 763 relictum
674 728 744 763 est
764 718 1038 782 vestigium,
1058 718 1404 779 ejiciendorum
1425 720 1631 765 rationes
1653 737 1750 765 non

233 794 505 840 habuerunt
524 810 666 855 quam
691 810 807 854 quas
828 793 1163 857 Hermogenes
1185 796 1468 841 memoravit
1494 796 1749 858 graviores,

232 868 442 915 notanda
490 887 654 915 eorum
702 870 946 915 temeritas
995 880 1080 926 est,
1125 872 1452 934 suspicarique
1503 873 1613 918 lieet
1661 873 1752 918 alia

233 961 424 1006 quoque
454 943 503 988 in
531 944 687 989 verbis
717 944 914 989 oratoris
944 943 1148 990 delendo
1180 945 1398 992 addendo
1430 946 1661 992 mutando
1692 946 1751 992 ad

231 1029 444 1066 veterum
475 1020 748 1066 criticorum
773 1020 1021 1066 arbitrium
1047 1038 1149 1066 esse
1169 1021 1364 1078 difficta,
1385 1039 1591 1084 quorum
1618 1023 1750 1068 nulla

235 1115 320 1143 nos
348 1095 490 1143 hodie
518 1098 673 1160 tangit
699 1097 923 1161 suspicio.

301 1172 395 1220 Sed
430 1173 586 1219 missis
620 1173 693 1219 his
718 1191 825 1236 quae
862 1174 910 1219 in
949 1175 1046 1220 sola
1076 1175 1351 1236 conjectura
1376 1175 1531 1239 posita
1557 1185 1668 1221 sunt
1693 1174 1751 1221 ad

236 1250 423 1296 codices
463 1266 539 1294 me
577 1258 802 1294 converto
829 1250 1122 1312 superstites,
1147 1268 1350 1313 quorum
1390 1251 1600 1314 ipsorum
1636 1266 1753 1312 quo-

235 1344 328 1389 que
361 1336 494 1373 tanta
529 1334 601 1371 est
636 1326 684 1370 in
719 1327 971 1371 verborum
1009 1335 1056 1371 et
1087 1326 1320 1389 scriptura
1357 1335 1404 1372 et
1439 1326 1752 1372 collocatione

234 1404 357 1449 inter
394 1405 520 1467 ipsos
553 1402 891 1467 discrepantia,
917 1411 969 1448 ut
998 1412 1092 1448 tres
1128 1402 1268 1448 facile
1301 1402 1529 1465 distingui
1568 1402 1753 1465 possint

235 1480 457 1526 codicum
485 1481 674 1536 classes,
700 1496 903 1541 quarum
930 1479 1086 1542 prima
1113 1496 1263 1541 quum
1291 1479 1498 1542 plurima
1524 1478 1612 1524 sibi
1647 1495 1754 1541 pro-

234 1558 336 1621 pria
374 1557 564 1610 habeat,
602 1555 650 1601 in
690 1554 883 1616 reliquis
923 1554 1209 1617 plerumque
1249 1572 1358 1601 cum
1396 1554 1620 1611 secunda,
1656 1572 1752 1600 non

234 1652 338 1680 raro
364 1643 525 1680 tamen
553 1633 696 1678 etiam
725 1649 835 1677 cum
862 1631 1000 1677 tertia
1026 1632 1279 1677 consentit.
1351 1632 1424 1678 Ac
1457 1632 1623 1695 priinae
1649 1630 1752 1693 qui-

235 1709 343 1756 dem
384 1710 545 1756 classis
583 1726 705 1754 unus
743 1716 959 1771 superest
988 1707 1230 1753 Parisinus
1267 1708 1327 1761 S3
1368 1706 1589 1753 secundae
1625 1706 1755 1770 prin-

235 1805 347 1850 ceps
374 1797 445 1832 est
468 1785 747 1832 Marcianus
767 1785 984 1831 Venetus
1013 1784 1104 1844 (F.)
1132 1784 1330 1847 ejusque
1354 1785 1429 1830 vel
1453 1783 1684 1829 simillimi
1711 1783 1753 1828 ei

236 1864 411 1911 codicis
442 1862 773 1926 apographum
807 1861 856 1907 in
883 1861 1189 1907 Bibliotheca
1216 1861 1345 1924 regia
1370 1860 1655 1907 Monacensi
1683 1878 1752 1906 as-

237 1949 472 1987 servatum
503 1940 603 2001 (B.)
625 1960 635 1992 ;
675 1938 824 1984 tertiae
852 1938 1010 1983 nullus
1031 1937 1146 1983 dum
1174 1938 1382 1984 innotuit
1407 1948 1488 1983 aut
1515 1936 1756 1999 antiquior

236 2026 315 2064 aut
353 2017 520 2063 melior
556 2034 701 2078 quam
741 2015 859 2060 alius
897 2013 1112 2076 ejusdem
1152 2014 1473 2071 bibliothecae,
1505 2014 1619 2060 olim
1653 2014 1754 2059 Au-

236 2103 466 2158 gustanus
487 2093 616 2153 (A.):
655 2092 713 2138 de
739 2091 912 2154 quibus
939 2091 1164 2154 deinceps
1191 2091 1328 2137 nobis
1355 2091 1444 2137 erit
1467 2089 1740 2137 dicendum.

302 2171 390 2216 Est
415 2170 560 2233 igitur
585 2169 631 2216 S.
650 2167 927 2214 Parisiensis
953 2167 1260 2213 bibliothecae
1284 2168 1425 2231 regiae
1454 2182 1595 2229 2934.
1618 2166 1751 2226 (olim

244 2262 347 2309 125.
373 2254 419 2292 et
448 2248 625 2308 2137),
653 2262 795 2307 quem
831 2243 1014 2289 eximia
1049 2242 1296 2305 diligentia
1330 2243 1558 2289 collatum
1594 2241 1756 2288 Fride-

236 2323 319 2369 riei
346 2321 592 2368 Duebneri
631 2320 854 2366 amicitiae
879 2319 1080 2365 debeoa.
1153 2318 1322 2366 Codex
1361 2319 1565 2382 scriptus
1599 2328 1670 2364 cst
1706 2319 1754 2364 in

238 2398 531 2446 membranis
575 2397 735 2443 seculo
772 2395 978 2452 decimo,
1014 2395 1167 2442 forma
1207 2396 1434 2452 maxima,
1471 2396 1597 2441 foliis
1629 2410 1755 2458 533„

235 2475 423 2541 paginis
454 2473 708 2537 bipertitiS‚
735 2472 948 2518 versibus
982 2472 1175 2518 tricenis
1213 2482 1293 2518 aut
1325 2473 1449 2518 binis
1474 2482 1521 2518 et
1545 2472 1755 2519 tricenis.

234 2552 347 2599 Fuit
382 2551 495 2597 olim
538 2549 814 2595 monasterii
855 2550 1029 2594 montis
1067 2549 1216 2605 Atho,
1260 2558 1312 2595 ut
1350 2566 1409 2594 ex
1446 2548 1755 2594 annotatione

287 2728 304 2747 a
329 2719 473 2755 Primus
498 2718 596 2753 hunc
616 2717 783 2752 codicem
804 2729 879 2752 uno
904 2717 955 2752 al-
1027 2716 1191 2752 excussit
1222 2716 1431 2751 Immanuel
1459 2716 1652 2751 Bekkerus
1681 2716 1754 2751 lec-

232 2782 386 2821 teroque
433 2772 516 2806 loco
563 2771 725 2818 inspexit
769 2771 956 2818 Augerus,
1026 2771 1221 2818 tionesque
1264 2770 1302 2805 in
1344 2769 1507 2805 editione
1546 2769 1755 2806 Oxoniensi

232 2841 344 2876 quum
379 2825 565 2861 orationes
600 2824 824 2871 Philippicas
856 2824 955 2859 Pari-
1027 2837 1057 2859 a.
1080 2825 1192 2870 1823.
1216 2823 1421 2870 proposuit.

231 2883 293 2920 siis
315 2881 439 2917 ederet
461 2892 491 2914 a.
516 2888 626 2924 1790.
682 2878 815 2913 Postea
836 2884 956 2913 totum
