1882 3250
32 218 166 260 91,13.
471 207 596 244 ΠΕΡΙ
626 206 742 243 ΤΩΝ
775 205 847 242 ΕΝ
880 204 1243 241 ΧΕΡΡΟΝΙ-ΙΣΩΙ.
1552 202 1607 244 97

92 318 198 382 περὶ
228 321 322 367 τῶν
356 317 404 366 ἐν
429 315 721 384 Χερρονήσῳ
751 313 1044 381 πραγμάτων
1076 315 1179 363 ἐστὶ
1210 315 1285 362 καὶ
1317 316 1399 375 τῆς
1424 320 1605 378 Χστρα-

93 401 229 461 τείας,
256 398 313 462 ἣν
338 400 580 449 ἑνδέκατον
613 401 738 461 μῆνα
763 399 945 448 τουτονὶ
973 397 1212 448 Φίλιππος
1239 397 1286 444 ἐν
1314 394 1481 463 Θρᾴκῃ
1506 417 1609 445 ποι-

94 488 222 533 εῖται·
282 488 375 532 τῶν
423 481 472 533 δὲ
523 481 681 547 λόγων
731 485 772 531 οἱ
822 485 1042 531 πλεῖστοι
1091 480 1196 543 περὶ
1247 476 1311 527 ὧν
1358 478 1609 540 Διοπείθης

93 565 287 632 πράττει
325 567 400 615 καὶ
438 565 606 626 μέλλει
642 568 790 614 ποιεῖν
825 563 1041 628 εἴρηνται.
1103 560 1194 625 ἐγὼ
1229 561 1265 610 δ’
1296 559 1390 609 ὅσα
1423 559 1507 621 μέν
1541 582 1659 618 τιςι5

96 649 300 698 αἰτιᾶταί
345 671 449 697 τινα
493 647 683 707 τούτων,
732 646 810 699 οὓς
856 644 974 695 κατὰ
1018 642 1125 697 τοὺς
1177 642 1343 707 νόμους
1387 645 1462 710 ἐφ’
1505 644 1610 705 ὑμῖν

94 731 225 780 ἐστὶν
260 729 372 779 ὅταν
405 729 650 791 βούλησθε
689 727 912 792 κολάζειν,
947 726 1034 777 κᾶν
1070 726 1157 790 ἤδη
1189 730 1330 793 Υδοκῇ
1365 725 1453 776 κᾶν
1478 727 1605 775 Ζἐπι-

94 818 272 879 σχοῦσι
317 813 421 878 περὶ
463 812 615 861 αὐτῶν
653 816 850 861 σκοπεῖν
888 813 1145 877 ἂέγχωρεῖν
1184 811 1400 874 ἡγοῦμαι,
1439 811 1513 859 καὶ
1559 810 1612 859 οὐ

93 896 217 948 πάνυ
242 895 341 947 Ι’δεῖ
372 899 478 962 περὶ
513 895 689 946 τούτων
722 896 815 945 οὔτ’
846 894 924 958 ἐμὲ
951 896 1042 944 οὔτ’
1073 895 1226 944 ἄλλον
1253 893 1416 943 οὐδένα
1442 897 1608 959 οἰσχυ-

57 1003 82 1044 3
93 980 317 1046 ρίζεσθαι·
373 979 468 1029 ὅσα
506 979 546 1029 δ’
588 977 754 1044 ἐχθρὸς
794 977 1017 1044 ὑπάρχων
1056 982 1113 1044 τῇ
1158 976 1296 1028 πόλει
1334 975 1610 1030 ᾶΦίλιππος
1624 1005 1663 1025 20

94 1067 170 1114 καὶ
195 1063 384 1127 δυνάμει
414 1066 578 1128 πολλῇ
609 1064 713 1127 περὶ
739 1061 1108 1125 Ἑλλήσποντον
1140 1059 1204 1111 ὧν
1238 1064 1454 1126 πειρᾶται
1487 1082 1604 1125 προ-

93 1153 273 1210 λαβεῖν,
313 1148 399 1198 κᾶν
443 1145 578 1215 ἅπαξ
613 1146 993 1212 Βὺστερήσωμεν,
1033 1147 1183 1196 οὐκέθ’
1225 1146 1391 1213 ἕξομεν
1436 1150 1609 1210 σῶσαι,

92 1235 198 1298 περὶ
223 1231 400 1282 τούτων
427 1233 467 1280 δ’
488 1229 659 1293 ΐοῖομαι
685 1228 770 1293 τὴν
795 1230 1027 1296 ταχίστην
1052 1228 1312 1296 συμφέρειν
1339 1230 1414 1278 καὶ
1439 1233 1604 1288 βεβου-

94 1319 294 1366 λεῦσθαι
320 1317 395 1365 καὶ
423 1312 850 1379 ἓ·”παρεσκευάσθαι,
877 1314 951 1363 καί
977 1311 1041 1375 μὴ
1068 1317 1164 1364 τοῖς
1188 1313 1293 1377 περὶ
1325 1315 1419 1360 τῶν
1446 1310 1672 1373 ἄλλωνοι

95 1398 314 1464 θορύβοις
341 1400 416 1448 καὶ
441 1402 542 1450 ταῖς
568 1398 865 1462 κατηγορίαις
891 1395 984 1447 ἀπὸ
1010 1395 1188 1446 τούτων
1214 1397 1488 1459 ἀποδρᾶναι.

58 1497 87 1536 4
170 1480 347 1532 Πολλὰ
397 1480 446 1531 δὲ
496 1479 744 1544 θαυμάζων
795 1485 888 1530 τῶν
939 1478 1169 1530 εἰωθότων
1218 1477 1446 1542 λέγεσθαι
1496 1481 1608 1543 παρ’

96 1567 215 1628 ὑμῖν,
243 1563 426 1617 οὐδενὸς
461 1564 616 1628 ἧττον,
644 1561 680 1612 ὦ
712 1563 875 1628 ἄνδρες
907 1566 1162 1625 Ἀθηναῖοι,
1190 1561 1458 1623 τεθαύμακα
1484 1559 1509 1609 ’ὸ
1535 1561 1639 1615 καὶ5

93 1648 256 1713 πρώην
281 1646 404 1699 τινὸς
429 1646 613 1709 ἤκουσα
639 1644 849 1698 εἰπόντος
875 1647 923 1694 ἐν
949 1648 1006 1710 τῇ
1032 1647 1202 1710 βουλῇ,
1230 1646 1291 1696 ὡς
1317 1644 1408 1708 ἄρα
1436 1646 1506 1692 δεῖ
1530 1642 1612 1693 τὸν

95 1730 485 1794 συμβουλεύοντα
519 1728 547 1793 ἢ
583 1733 807 1791 πολεμεῖν
842 1729 1007 1780 ἁπλῶς
1043 1726 1072 1791 ἢ
1110 1726 1227 1790 ΙΙτὴν
1263 1725 1447 1791 εἰρήνην
1485 1725 1615 1790 ἄγειν

58 1814 453 1877 5συμβουλεύειν.
523 1813 625 1863 ἔστι
668 1812 729 1873 δὲ,
776 1815 811 1861 εἰ
856 1811 940 1874 μὲν
986 1810 1189 1877 ἡσυχίαν
1229 1811 1469 1861 Φίλιππος
1513 1809 1614 1873 ἄγει

97 1899 171 1947 καὶ
203 1897 318 1960 μήτε
350 1901 443 1947 τῶν
470 1895 703 1961 ἡμετέρων
735 1895 826 1961 ε”χει
856 1893 986 1959 παρὰ
1011 1893 1095 1956 τὴν
1122 1892 1303 1958 εἰρήνην
1329 1891 1472 1955 μηδὲν
1497 1891 1614 1955 μήτε

95 1979 453 2045 ισυσκευάζεται
515 1977 695 2030 πάντας
752 1978 1025 2043 ἀνθρώπους
1086 1978 1161 2043 ἐφ’
1214 1974 1382 2038 ι(ἡμᾶς,
1436 1973 1664 2024 Ῑούκέτιιο

99 2066 215 2114 ι’Πδεῖ
247 2061 417 2127 λέγειν,
444 2064 553 2113 ἀλλ’
590 2064 755 2114 ἁπλῶς
794 2060 978 2127 εἰρήνην
1017 2059 1194 2121 ἀκτέον,
1229 2061 1303 2108 καὶ
1342 2058 1401 2108 τά
1438 2081 1492 2123 γε
1525 2060 1610 2124 ἀφ’

99 2149 224 2210 ὑμῶν
274 2147 434 2209 ἕτοιμα
485 2145 737 2211 ὑπάρχονθ’
793 2146 901 2210 ὁρῶ·
958 2148 995 2193 εἰ
1041 2144 1077 2193 δ’
1126 2141 1155 2191 ἃ
1195 2141 1279 2204 μὲν
1323 2141 1614 2204 ῐ1ὠμόσαμεν

99 2232 174 2280 καὶ
222 2231 293 2297 ἐφ’
338 2229 404 2282 οἷς
445 2228 531 2292 τὴν
582 2227 764 2293 εἰρήνην
815 2225 1150 2289 ἐποιησάμεθα,
1199 2225 1329 2274 ἔστιν
1382 2227 1491 2274 ἰδεῖν
1539 2225 1615 2273 καὶ

1166 2364 1184 2387 η

152 2405 172 2424 X
192 2400 387 2446 στρατείας]
413 2402 574 2446 στρατιᾶς
594 2401 636 2433 Y.
659 2406 693 2433 et
712 2412 780 2433 rec.
805 2400 839 2432 S.
939 2404 957 2431 Y
978 2397 1076 2443 δοκῇ]
1102 2397 1210 2430 δοκειν
1231 2397 1269 2429 F.
1364 2402 1380 2420 Ζ
1402 2395 1608 2441 ἐπισχοῦσι]

101 2452 291 2497 ἐπισχωσιν
322 2454 356 2487 S.
406 2455 526 2499 μικρὸν
559 2454 746 2497 ἐπισχοῦσι
775 2454 816 2486 A.
871 2452 989 2496 μικρὸν
1020 2451 1194 2493 ἐπισχῶσι
1226 2449 1393 2483 F.O.u.v.
1423 2455 1457 2482 et
1487 2461 1540 2493 pr.
1568 2448 1611 2482 Y.

102 2509 121 2529 a
140 2505 316 2551 ἐγχωρεῖν]
342 2507 500 2551 ἐκχωρεῖν
519 2518 589 2541 rec.
611 2511 786 2540 correctus
809 2506 843 2538 S.
1012 2500 1031 2528 b
1052 2504 1103 2536 δεῖ
1123 2502 1371 2537 F.S.Y.O.u.v.
1404 2502 1473 2534 δεῖν
1491 2501 1611 2545 vulgo.

102 2562 118 2582 ⁰
138 2557 373 2603 ἰσχυρίζεσθαι
395 2560 478 2593 S.Y.
506 2559 778 2604 διισχυρίζεσθαι
798 2558 916 2602 vulgo.
1002 2553 1020 2580 (Ῑ
1040 2556 1209 2589 Φίλιππος
1229 2567 1299 2588 om.
1320 2555 1354 2587 S.
1431 2559 1446 2577 e
1468 2553 1613 2598 ὑστερή-

102 2611 230 2656 σωμεν]
255 2611 486 2657 ὑστερίσωμεν
502 2618 677 2645 correctus
694 2612 734 2644 Y.
820 2608 835 2634 s
853 2609 963 2652 οἴομαι
985 2610 1019 2642 S.
1054 2603 1393 2649 ὃοῑίἲ)ε31)ιιῒιιι·οῖμαι.
1469 2612 1490 2638 g
1508 2618 1613 2650 παρε-

103 2664 305 2710 σκευάσθαι]
330 2665 660 2710 παρασκευάσασθαι
681 2664 724 2697 Ο.
752 2661 1031 2708 παρασκευάσθιιι
1050 2673 1102 2705 pr.
1121 2660 1155 2694 S.
1251 2657 1269 2683 h
1289 2660 1350 2701 τὴν
1369 2658 1500 2703 εἰρήνην
1519 2658 1611 2702 ι’ίγειι

102 2715 227 2750 A.S.Y.
265 2717 359 2762 ἅγειν
384 2718 444 2760 τὴν
469 2717 599 2762 εἰρήνην
623 2717 742 2761 vulgo.
926 2711 936 2738 i
964 2711 1224 2757 συσκευάζεται]
1253 2712 1541 2756 παρασκευάζεται
1565 2710 1610 2745 Ο.

275 2766 283 2776 2

103 2805 124 2833 k
143 2808 243 2856 ἡμᾶς]
268 2779 352 2855 Ξίμᾶς
371 2811 411 2845 F.
447 2812 530 2855 ὑμᾶς
550 2811 667 2856 vulgo.
792 2806 801 2833 l
823 2810 932 2842 οὐκέτι
955 2808 989 2841 S.
1039 2807 1238 2852 Legebatur
1257 2806 1366 2839 οὐδέν.
1488 2812 1518 2831 m
1538 2807 1607 2852 δεῖ]

103 2872 160 2927 δεῖ
169 2906 200 2928 v.
229 2895 298 2929 δεῖν
317 2909 351 2929 u.
446 2902 465 2920 ¹¹
486 2897 666 2940 ὠμόσαμεν
689 2895 725 2929 S.
754 2895 934 2938 ὠμόσαμεν
953 2893 1046 2936 ἡμεῖς
1065 2892 1153 2926 A.Y.
1194 2891 1393 2936 Legebatur
1412 2891 1504 2935 ἡμεῖς
1524 2891 1611 2936 ὠμό-

103 2958 221 2989 σαμεν.

160 3021 250 3047 VOL.
276 3023 306 3048 Ι.
848 3020 871 3043 Ο
