1882 3250
229 170 285 209 54
772 168 1198 207 ΔΗΜΟΣΘΕΝΟΎΣ
1408 161 1585 202 on.1v.
1609 176 1648 216 p.
1676 159 1805 212 48,⁴22
1839 145 1843 175 '·
1875 164 1882 188 ³

163 304 216 346 35
307 285 499 331 Δοκεῖτε
526 281 580 330 δέ
607 303 686 344 μοι
720 278 847 330 πολὺ
871 279 1062 340 βέλτιον
1088 278 1145 327 ἂν
1167 277 1272 340 περὶ
1307 280 1389 325 τοῦ
1426 275 1636 338 πολέμου
1668 276 1742 324 καὶ

232 365 348 428 ὅλης
374 368 456 428 τῆς
480 367 780 430 παρασκευῆς
805 362 1179 423 βουλεύσασθαι,
1206 363 1243 408 εἱ
1269 357 1380 408 “τὶ)ν
1405 357 1566 419 τόπον,
1593 355 1629 407 ὦ
1655 357 1738 407 ἄν·

233 450 337 512 δρες
368 449 622 511 Ἀθηναῖοι,
649 449 730 508 τῆς
770 446 938 512 χώρας,
973 443 1091 509 πρὸς
1129 442 1186 506 ἢν
1225 445 1512 503 Χπολεμεῖτε,
1539 442 1737 504 ἐνθυμη-

233 531 398 594 θείητε,
425 533 499 580 καὶ
525 538 541 564 5
553 531 838 594 λογίσαισθε
866 528 935 578 ὅτι
969 532 1065 581 τοῖς
1102 525 1338 588 πνεύμασι
1377 527 1452 574 καὶ
1477 529 1577 578 ταῖς
1603 522 1742 589 ὥραις
1757 542 1794 573 ²⁵

232 620 314 665 τοῦ
353 614 481 667 ε”τους
519 612 578 663 τὰ
610 611 776 663 πολλὰ
806 610 1190 677 Ζπρολαμβάνων
1216 607 1543 674 διαπράττεται
1571 608 1744 657 Φίλιπ-

232 719 321 750 πος
359 699 433 746 καὶ
470 695 690 762 φυλάξας
727 694 833 747 τοὺς
868 696 1055 757 ἐτησίας
1088 691 1224 757 ἦτον
1251 696 1454 759 χειμῶνα
1492 692 1744 756 ὃέπιχειρεζ

166 796 220 848 36
234 781 346 843 ἡνίκ’
376 779 433 829 ἂν
458 780 586 842 ἡμεῖς
620 779 684 841 μὴ
721 777 1002 840 ι)δυναίμεθα
1040 779 1184 827 ἐκεῖσε
1222 776 1490 843 ἀφικέσθαι.
1549 777 1620 824 δεῖ
1652 773 1746 823 τοί-

236 887 317 914 νυν
343 864 494 913 οταῦτ’
524 861 886 925 ἐνθυμουμένους
924 860 987 923 μὴ
1019 860 1253 923 βοηθείαις
1290 863 1511 921 πολεμεῖν
1541 858 1811 922 (haupt-49

236 953 374 1009 οῦμεν
412 945 505 1012 γὰρ
546 944 804 1007 ἁπάντων),
843 943 973 994 ἀλλὰ
1010 947 1285 1009 παρασκευῇ
1327 945 1518 1008 συνεχεῖ
1557 943 1632 990 καὶ
1670 942 1748 990 δυ-

236 1029 382 1093 νάμει.
426 1029 622 1095 ὑπάρχει
661 1030 698 1078 δ’
740 1030 846 1090 ὑμῖν
884 1026 1105 1094 χειμαδίῳ
1144 1025 1228 1088 μὲν
1268 1028 1477 1092 χρῆσθαι
1513 1028 1570 1091 τῇ
1612 1022 1749 1074 δυνά-

1341 1107 1466 1161 ἀταῖς
1510 1110 1557 1158 ἐν
1597 1107 1748 1176 τούτῳ

234 1136 308 1176 μει
348 1111 525 1181 Λήμνῳ
563 1113 637 1162 καὶ
677 1111 832 1180 Θάσῳ
875 1112 949 1160 καὶ
992 1109 1178 1178 Σκιάθῳ
1221 1111 1297 1159 καὶ

235 1201 302 1266 τῷ
338 1195 469 1265 τόπῳ
503 1194 678 1259 νήσοις,
705 1197 753 1245 ἐν
780 1194 850 1248 αἷς
886 1196 960 1245 καὶ
986 1194 1167 1257 λιμένες
1202 1197 1277 1243 καὶ
1311 1197 1443 1246 σῖτος
1482 1194 1557 1242 καὶ
1592 1189 1622 1242 ἃ
1655 1190 1777 1258 χρὴ5

235 1279 575 1346 εἴστρατεύματι
613 1277 750 1330 πάνθ’
782 1278 988 1345 ὑπάρχει·
1028 1277 1114 1340 τὴν
1153 1279 1190 1326 δ’
1220 1275 1346 1342 ὥραν
1384 1281 1466 1326 τοῦ
1504 1275 1646 1338 ἔτους,
1673 1274 1750 1326 ὅτε

236 1366 313 1414 καὶ
351 1363 469 1429 πρὸς
507 1367 565 1429 τῇ
597 1367 659 1429 γῇ
695 1362 916 1428 γενέσθαι
952 1361 1112 1430 ῥᾴδιον
1150 1363 1225 1411 καὶ
1259 1359 1312 1410 τὸ
1343 1365 1437 1410 τῶν
1474 1358 1752 1422 πνευμάτων

236 1447 470 1516 ἀσφαλὲς,
496 1446 614 1512 πρὸς
641 1448 758 1513 αὐτῇ
794 1450 852 1512 τῇ
887 1445 1018 1514 χώρᾳ
1053 1447 1127 1495 καὶ
1161 1443 1280 1510 πρὸς
1318 1448 1414 1497 τοῖς
1447 1447 1543 1494 τῶν
1578 1441 1747 1507 ῐέμπο-

235 1532 349 1597 ρι’ων
375 1529 587 1593 στόμασι
613 1530 782 1597 ῥᾳδίως
807 1530 987 1580 ἕὲσται.

169 1634 222 1678 37
301 1614 368 1665 ὁΑ
408 1613 492 1676 μὲν
530 1615 611 1664 οὖν
649 1613 878 1681 χρήσεται
915 1615 990 1663 καὶ
1025 1612 1140 1664 πότε
1178 1616 1236 1680 τῇ
1270 1611 1472 1675 δυνάμει,
1503 1610 1633 1676 παρὰ
1668 1609 1751 1662 τὸν
1766 1638 1803 1660 ιο
1847 1628 1855 1654 ’-

238 1697 398 1763 καιρὸν
424 1697 449 1746 ὁ
476 1696 653 1746 τούτων
680 1695 833 1761 κύριος
858 1693 1098 1747 καταστὰς
1130 1695 1206 1762 ὑφ’
1238 1696 1366 1757 ὑμῶν
1392 1692 1749 1753 ὴβουλεύσεται·

239 1781 270 1832 ἃ
318 1783 356 1832 δ’
409 1780 613 1848 ὑπάρξαι
664 1783 734 1830 δεῖ
776 1781 884 1845 παρ’
940 1781 1081 1842 ὑμῶν,
1132 1779 1259 1828 ταῦτ’
1313 1779 1443 1828 ἐστὶν
1496 1775 1625 1842 ίὰγὼ
1676 1775 1754 1842 γε’-

237 1868 415 1932 γραφα.
455 1862 512 1914 ἂν
545 1869 705 1924 ταῦτα,
731 1861 768 1912 ὦ
793 1863 954 1929 ἅνδρες
986 1864 1243 1926 Ἀθηναῖοι,
1268 1862 1497 1927 πορίσητε
1534 1860 1594 1911 τὰ
1628 1859 1750 1927 χρή-

238 1970 366 2011 ματα
389 1951 578 2013 πρῶτον
603 1945 663 1996 k&
686 1946 828 2011 λέγω,
854 1945 953 1996 εἶτα
978 1949 1053 1997 καὶ
1084 1945 1262 1996 1τοῖλλα
1287 1945 1751 2011 παρασκευάσαντες,
1768 1966 1803 1998 ¹5
1847 1976 1858 1990 a

239 2029 348 2083 τοὺς
385 2030 692 2097 στρατιώτας,
732 2029 816 2083 τὰς
851 2029 1061 2097 τριήρεις,
1096 2028 1202 2082 τοὺς
1242 2029 1421 2091 ἱππέας,
1453 2031 1615 2093 ἐντελῆ
1654 2034 1750 2080 πᾶ-

241 2137 336 2165 σαν
360 2113 446 2177 τὴν
473 2114 668 2177 δύναμιν
695 2114 822 2182 νόμῳ
850 2114 1191 2177 κατακλείσητε
1218 2115 1330 2164 ¹¹²5er
1355 2116 1421 2180 τῷ
1447 2113 1642 2181 πολεμῳ
1668 2113 1753 2176 με’-

243 2223 348 2260 νειν,
375 2203 468 2249 τῶν
494 2197 578 2262 μὲν
613 2197 866 2265 χρημάτων
893 2199 1023 2248 αὐτοὶ
1048 2198 1208 2260 ταμίαι
1242 2198 1317 2246 καὶ
1351 2199 1576 2262 πορισταὶ
1615 2204 1751 2261 “γιγ-

298 2346 317 2364 ¹¹
337 2341 396 2374 τὸν
415 2352 485 2374 om.
511 2340 545 2374 S.
702 2345 718 2360 x
737 2341 917 2383 πολεμεῖτε
939 2340 1067 2374 B.F.S.
1096 2338 1315 2383 πολεμὴσητε
1336 2351 1371 2372 u.
1401 2337 1617 2382 πολεμήσετε
1635 2338 1755 2385 vulgo.

244 2433 262 2461 y
281 2427 504 2473 λογίσαισθε]
527 2397 735 2472 λογίσαῖσθε
756 2426 797 2461 Β.
828 2426 1016 2471 λογίσεσθε
1036 2426 1079 2459 Α.
1191 2431 1208 2449 ²
1233 2425 1502 2471 προλαμβάνων]
1527 2424 1757 2470 προσλαμβά-

245 2529 309 2548 νων
330 2514 410 2549 O.v.
534 2517 553 2536 a
572 2512 751 2558 ἐπιχειρεῖ]
777 2512 927 2556 ἐπιτηρεῖ
947 2511 1036 2547 B.F.
1158 2509 1175 2532 b
1196 2511 1378 2555 δυναίμεθα
1396 2511 1486 2546 B.S.
1516 2489 1697 2556 &vvc‘iipffla
1716 2512 1756 2546 F.

244 2568 419 2611 δυνώμεθα
436 2566 554 2611 vulgo.
666 2571 682 2590 <³
701 2564 814 2611 ταῦτ’]
840 2565 924 2607 ὑμᾶς
943 2567 1047 2598 ταῦτα
1069 2564 1192 2599 B.F.v.
1224 2564 1309 2607 ἡμᾶς
1328 2563 1420 2598 ταῦτ’
1443 2565 1527 2600 O.u.
1625 2563 1644 2590 d
1665 2565 1754 2611 ταῖς]

245 2622 317 2655 ταῖς
335 2620 458 2655 ἄλλαις
476 2621 549 2654 ταῖς
569 2618 686 2653 O.u.v.
716 2624 750 2652 et
772 2632 828 2664 γρ.
852 2618 893 2652 B.
1059 2623 1073 2639 ‘³
1102 2616 1350 2663 στρατεύματι]
1385 2616 1618 2663 στρατεύμασι
1639 2617 1758 2652 O.u.v.

244 2670 260 2697 f
278 2672 464 2718 ἐμπορίων]
488 2672 657 2717 ἐμποριῶν
677 2684 748 2705 u.v.
847 2676 868 2704 g
887 2670 1001 2716 ἔσται]
1022 2671 1251 2704 Desideratur
1269 2671 1414 2705 verbum
1434 2671 1529 2716 quod
1543 2671 1759 2705 accusativos

244 2727 482 2771 praecedentes
501 2730 612 2770 regat.
669 2725 907 2763 Quamobrem
938 2729 998 2757 aut
1019 2724 1212 2757 infinitivus
1240 2724 1365 2769 aliquis
1385 2724 1553 2758 excidisse
1580 2724 1759 2769 putandus

246 2785 310 2819 est,
330 2779 426 2813 velut
445 2779 636 2823 διαγνῶναι,
658 2778 754 2823 quod
770 2779 932 2823 Augei-us
960 2777 1089 2823 posuit,
1110 2782 1171 2811 aut
1199 2777 1297 2810 ἕσται
1322 2777 1359 2811 in
1382 2775 1521 2811 εἴσεσθε
1549 2777 1760 2811 mutandum

247 2843 327 2865 cum
346 2832 486 2871 Wolfio,
506 2831 573 2864 nisi
593 2830 670 2876 quis
689 2829 818 2864 εἵσεται
846 2830 1019 2876 praeferat,
1040 2831 1136 2876 quod
1163 2831 1256 2864 idem
1276 2830 1436 2874 conjecit,
1456 2830 1636 2864 intellecto
1651 2830 1758 2873 στρά-

247 2898 364 2927 τευμα.
447 2881 466 2909 h
486 2882 731 2929 βουλεύσεται]
752 2881 955 2924 βουλεύεται
977 2883 1064 2918 B.F.
1148 2880 1158 2907 i
1178 2882 1267 2928 ἁγὼ]
1289 2881 1311 2917 ἃ
1328 2882 1388 2928 ’γὼ
1410 2883 1447 2917 S.
1496 2882 1720 2917 scribebatur
1738 2879 1760 2916 ἃ

248 2936 327 2980 ἐγώ.
437 2934 454 2958 k
475 2933 495 2969 ἃ
513 2948 583 2970 om.
606 2936 641 2970 S.
751 2933 762 2961 Ῑ
780 2936 911 2983 τᾶλλα]
934 2936 1048 2971 τᾶλλα
1065 2937 1174 2970 πάντα
1195 2935 1406 2972 B.F.O.u.v.
1519 2941 1549 2960 m
1568 2934 1641 2981 ἐπὶ]
1664 2936 1700 2970 ἐν
1714 2935 1758 2970 Β.

248 2994 268 3013 ¹¹
288 2988 498 3034 γιγνόμενοι]
521 2989 695 3033 γενόμενοι
712 2989 801 3023 Α.Ῡ.
