<?xml version="1.0" encoding="UTF-8"?>
<!DOCTYPE html PUBLIC "-//W3C//DTD XHTML 1.0 Transitional//EN"
    "http://www.w3.org/TR/xhtml1/DTD/xhtml1-transitional.dtd">
<html xmlns="http://www.w3.org/1999/xhtml" xml:lang="en" lang="en">
 <head>
  <title>
</title>
<meta http-equiv="Content-Type" content="text/html;charset=utf-8" />
  <meta name='ocr-system' content='tesseract 3.04.00' />
  <meta name='ocr-capabilities' content='ocr_page ocr_carea ocr_par ocr_line ocrx_word'/>
</head>
<body>
  <div class='ocr_page' id='page_1' title='image "./operaexrecension01demouoft_0263.png"; bbox 0 0 1930 3266; ppageno 0'>
   <div class='ocr_carea' id='block_1_1' title="bbox 57 204 1633 254">
    <p class='ocr_par' dir='ltr' id='par_1_1' title="bbox 57 204 1633 254">
     <span class='ocr_line' id='line_1_1' title="bbox 57 204 1633 254; baseline 0 -10"><span class='ocrx_word' id='word_1_1' title='bbox 57 216 152 254; x_wconf 84' lang='lat'>220,</span> <span class='ocrx_word' id='word_1_2' title='bbox 177 217 229 243; x_wconf 77' lang='grc' dir='ltr'>ιο.</span> <span class='ocrx_word' id='word_1_3' title='bbox 446 207 573 243; x_wconf 88' lang='grc' dir='ltr'>ΠΕΡΙ</span> <span class='ocrx_word' id='word_1_4' title='bbox 603 205 717 242; x_wconf 87' lang='grc' dir='ltr'>ΤΩΝ</span> <span class='ocrx_word' id='word_1_5' title='bbox 751 205 900 243; x_wconf 86' lang='grc' dir='ltr'>ΠΡΟΣ</span> <span class='ocrx_word' id='word_1_6' title='bbox 927 204 1314 243; x_wconf 84' lang='grc' dir='ltr'><strong>ΑΛΕΞΑΝΔΡΟΝ.</strong></span> <span class='ocrx_word' id='word_1_7' title='bbox 1548 205 1633 244; x_wconf 71' lang='lat'>233</span> 
     </span>
    </p>
   </div>
   <div class='ocr_carea' id='block_1_2' title="bbox 0 313 1733 1885">
    <p class='ocr_par' dir='ltr' id='par_1_2' title="bbox 0 313 1733 1885">
     <span class='ocr_line' id='line_1_2' title="bbox 118 313 1635 382; baseline 0 -17"><span class='ocrx_word' id='word_1_8' title='bbox 118 315 317 381; x_wconf 80' lang='grc' dir='ltr'>ρημὲνου</span> <span class='ocrx_word' id='word_1_9' title='bbox 343 313 487 378; x_wconf 79' lang='grc' dir='ltr'>μηδὲν</span> <span class='ocrx_word' id='word_1_10' title='bbox 506 321 717 365; x_wconf 86' lang='grc' dir='ltr'>τοιοῦτον</span> <span class='ocrx_word' id='word_1_11' title='bbox 738 315 1047 380; x_wconf 76' lang='grc' dir='ltr'>εἰσδέχεσθαι,</span> <span class='ocrx_word' id='word_1_12' title='bbox 1070 317 1144 365; x_wconf 78' lang='grc' dir='ltr'>καὶ</span> <span class='ocrx_word' id='word_1_13' title='bbox 1170 321 1334 365; x_wconf 83' lang='grc' dir='ltr'>οτοῦτο</span> <span class='ocrx_word' id='word_1_14' title='bbox 1361 315 1635 382; x_wconf 74' lang='grc' dir='ltr'>Ρέξέσεσθαι</span> 
     </span>
     <span class='ocr_line' id='line_1_3' title="bbox 52 397 1687 465; baseline 0.001 -17"><span class='ocrx_word' id='word_1_15' title='bbox 52 401 193 460; x_wconf 75' lang='grc' dir='ltr'>34ἐπὶ</span> <span class='ocrx_word' id='word_1_16' title='bbox 229 397 412 448; x_wconf 57' lang='grc' dir='ltr'>Ἷπλέον</span> <span class='ocrx_word' id='word_1_17' title='bbox 447 400 515 448; x_wconf 80' lang='grc' dir='ltr'>ἀεὶ</span> <span class='ocrx_word' id='word_1_18' title='bbox 553 404 715 448; x_wconf 85' lang='grc' dir='ltr'>ποιεῖν·</span> <span class='ocrx_word' id='word_1_19' title='bbox 757 399 877 447; x_wconf 81' lang='grc' dir='ltr'>οὕτω</span> <span class='ocrx_word' id='word_1_20' title='bbox 910 397 1233 464; x_wconf 81' lang='grc' dir='ltr'>Γπανταχόθεν</span> <span class='ocrx_word' id='word_1_21' title='bbox 1272 405 1632 465; x_wconf 85' lang='grc' dir='ltr'>καταπεφρονη-</span> <span class='ocrx_word' id='word_1_22' title='bbox 1650 421 1687 450; x_wconf 81' lang='lat'>²5</span> 
     </span>
     <span class='ocr_line' id='line_1_4' title="bbox 118 480 1631 548; baseline 0.001 -18"><span class='ocrx_word' id='word_1_23' title='bbox 118 481 263 533; x_wconf 88' lang='grc' dir='ltr'>κότως</span> <span class='ocrx_word' id='word_1_24' title='bbox 298 482 459 530; x_wconf 88' lang='grc' dir='ltr'>ἐκεῖνοι</span> <span class='ocrx_word' id='word_1_25' title='bbox 496 486 584 548; x_wconf 73' lang='grc' dir='ltr'>Ξτῇ</span> <span class='ocrx_word' id='word_1_26' title='bbox 619 480 756 532; x_wconf 87' lang='grc' dir='ltr'>πόλει</span> <span class='ocrx_word' id='word_1_27' title='bbox 794 485 998 546; x_wconf 84' lang='grc' dir='ltr'>χρῶνται</span> <span class='ocrx_word' id='word_1_28' title='bbox 1033 480 1108 531; x_wconf 79' lang='grc' dir='ltr'>διὰ</span> <span class='ocrx_word' id='word_1_29' title='bbox 1139 480 1245 535; x_wconf 79' lang='grc' dir='ltr'>τους</span> <span class='ocrx_word' id='word_1_30' title='bbox 1271 483 1476 532; x_wconf 84' lang='grc' dir='ltr'>ἐντεῦθεν</span> <span class='ocrx_word' id='word_1_31' title='bbox 1503 484 1631 532; x_wconf 89' lang='grc' dir='ltr'>διδα-</span> 
     </span>
     <span class='ocr_line' id='line_1_5' title="bbox 117 562 1636 629; baseline 0.001 -15"><span class='ocrx_word' id='word_1_32' title='bbox 117 565 328 616; x_wconf 86' lang='grc' dir='ltr'>σκάλους</span> <span class='ocrx_word' id='word_1_33' title='bbox 366 564 473 617; x_wconf 73' lang='grc' dir='ltr'>τοὺς</span> <span class='ocrx_word' id='word_1_34' title='bbox 513 565 888 629; x_wconf 79' lang='grc' dir='ltr'>ὑπαγορεύοντας</span> <span class='ocrx_word' id='word_1_35' title='bbox 924 565 1077 616; x_wconf 81' lang='grc' dir='ltr'>αὐτοῖς</span> <span class='ocrx_word' id='word_1_36' title='bbox 1117 562 1147 614; x_wconf 78' lang='grc' dir='ltr'>ἃ</span> <span class='ocrx_word' id='word_1_37' title='bbox 1185 568 1256 614; x_wconf 89' lang='grc' dir='ltr'>δεῖ</span> <span class='ocrx_word' id='word_1_38' title='bbox 1288 570 1450 616; x_wconf 89' lang='grc' dir='ltr'>ποιεῖν.</span> <span class='ocrx_word' id='word_1_39' title='bbox 1515 567 1636 615; x_wconf 80' lang='grc' dir='ltr'>οὕτω</span> 
     </span>
     <span class='ocr_line' id='line_1_6' title="bbox 118 647 1637 713; baseline 0.002 -15"><span class='ocrx_word' id='word_1_40' title='bbox 118 647 192 699; x_wconf 59' lang='grc' dir='ltr'>ιδὲ</span> <span class='ocrx_word' id='word_1_41' title='bbox 218 648 541 713; x_wconf 83' lang='grc' dir='ltr'>κατεγνώκασι</span> <span class='ocrx_word' id='word_1_42' title='bbox 572 647 691 710; x_wconf 78' lang='grc' dir='ltr'>μετὰ</span> <span class='ocrx_word' id='word_1_43' title='bbox 723 648 900 698; x_wconf 85' lang='grc' dir='ltr'>τούτων</span> <span class='ocrx_word' id='word_1_44' title='bbox 934 648 1185 712; x_wconf 82' lang='grc' dir='ltr'>ἀδιήγητόν</span> <span class='ocrx_word' id='word_1_45' title='bbox 1211 670 1314 698; x_wconf 92' lang='grc' dir='ltr'>τινα</span> <span class='ocrx_word' id='word_1_46' title='bbox 1344 651 1426 711; x_wconf 79' lang='grc' dir='ltr'>τῆς</span> <span class='ocrx_word' id='word_1_47' title='bbox 1453 648 1637 701; x_wconf 88' lang='grc' dir='ltr'>πόλεως</span> 
     </span>
     <span class='ocr_line' id='line_1_7' title="bbox 0 730 1733 811; baseline -0.003 -28"><span class='ocrx_word' id='word_1_48' title='bbox 0 747 3 811; x_wconf 41' lang='lat' dir='ltr'><strong>j</strong></span> <span class='ocrx_word' id='word_1_49' title='bbox 118 732 311 783; x_wconf 71' lang='grc' dir='ltr'>ε”κλυσιν</span> <span class='ocrx_word' id='word_1_50' title='bbox 338 733 413 781; x_wconf 79' lang='grc' dir='ltr'>καὶ</span> <span class='ocrx_word' id='word_1_51' title='bbox 445 733 696 795; x_wconf 83' lang='grc' dir='ltr'>μαλακίαν,</span> <span class='ocrx_word' id='word_1_52' title='bbox 725 734 799 782; x_wconf 79' lang='grc' dir='ltr'>καὶ</span> <span class='ocrx_word' id='word_1_53' title='bbox 835 733 938 782; x_wconf 79' lang='grc' dir='ltr'>οὔτε</span> <span class='ocrx_word' id='word_1_54' title='bbox 972 730 1194 796; x_wconf 85' lang='grc' dir='ltr'>πρόνοιαν</span> <span class='ocrx_word' id='word_1_55' title='bbox 1218 732 1355 796; x_wconf 76' lang='grc' dir='ltr'>“περὶ</span> <span class='ocrx_word' id='word_1_56' title='bbox 1387 736 1479 782; x_wconf 81' lang='grc' dir='ltr'>τῶν</span> <span class='ocrx_word' id='word_1_57' title='bbox 1512 738 1630 794; x_wconf 91' lang='grc' dir='ltr'>μελ-</span> <span class='ocrx_word' id='word_1_58' title='bbox 1652 749 1733 778; x_wconf 82' lang='lat'>220</span> 
     </span>
     <span class='ocr_line' id='line_1_8' title="bbox 0 814 1637 881; baseline -0.001 -15"><span class='ocrx_word' id='word_1_59' title='bbox 0 814 2 867; x_wconf 64' lang='grc' dir='ltr'>ἶ</span> <span class='ocrx_word' id='word_1_60' title='bbox 117 815 300 866; x_wconf 86' lang='grc' dir='ltr'>λόντων</span> <span class='ocrx_word' id='word_1_61' title='bbox 339 814 464 877; x_wconf 77' lang='grc' dir='ltr'>εἶναι,</span> <span class='ocrx_word' id='word_1_62' title='bbox 503 818 606 866; x_wconf 79' lang='grc' dir='ltr'>οὔτε</span> <span class='ocrx_word' id='word_1_63' title='bbox 643 816 881 880; x_wconf 83' lang='grc' dir='ltr'>λογισμὸν</span> <span class='ocrx_word' id='word_1_64' title='bbox 918 815 1079 865; x_wconf 78' lang='grc' dir='ltr'>οὐδένα</span> <span class='ocrx_word' id='word_1_65' title='bbox 1117 816 1496 881; x_wconf 84' lang='grc' dir='ltr'>παραγίγνεσθαι</span> <span class='ocrx_word' id='word_1_66' title='bbox 1534 816 1637 866; x_wconf 88' lang='grc' dir='ltr'>τίνα</span> 
     </span>
     <span class='ocr_line' id='line_1_9' title="bbox 0 898 1637 1001; baseline 0 -52"><span class='ocrx_word' id='word_1_67' title='bbox 0 919 2 1001; x_wconf 50' lang='lat' dir='ltr'>y</span> <span class='ocrx_word' id='word_1_68' title='bbox 116 899 291 963; x_wconf 85' lang='grc' dir='ltr'>τρόπον</span> <span class='ocrx_word' id='word_1_69' title='bbox 330 903 499 966; x_wconf 84' lang='grc' dir='ltr'>χρῆται</span> <span class='ocrx_word' id='word_1_70' title='bbox 539 902 563 950; x_wconf 83' lang='grc' dir='ltr'>ὁ</span> <span class='ocrx_word' id='word_1_71' title='bbox 603 899 826 965; x_wconf 89' lang='grc' dir='ltr'>τύραννος</span> <span class='ocrx_word' id='word_1_72' title='bbox 865 905 964 952; x_wconf 88' lang='grc' dir='ltr'>ταῖς</span> <span class='ocrx_word' id='word_1_73' title='bbox 1004 905 1174 952; x_wconf 78' lang='grc' dir='ltr'>κοιναῖς</span> <span class='ocrx_word' id='word_1_74' title='bbox 1213 900 1501 964; x_wconf 78' lang='grc' dir='ltr'>ὁμολογίαις.</span> <span class='ocrx_word' id='word_1_75' title='bbox 1566 898 1637 954; x_wconf 74' lang='grc' dir='ltr'>αἶς</span> 
     </span>
     <span class='ocr_line' id='line_1_10' title="bbox 50 981 1634 1049; baseline 0 -16"><span class='ocrx_word' id='word_1_76' title='bbox 50 1005 104 1047; x_wconf 84' lang='lat'>35</span> <span class='ocrx_word' id='word_1_77' title='bbox 117 981 209 1048; x_wconf 79' lang='grc' dir='ltr'>ἐγὼ</span> <span class='ocrx_word' id='word_1_78' title='bbox 244 982 582 1046; x_wconf 82' lang='grc' dir='ltr'>διακελεύομαι,</span> <span class='ocrx_word' id='word_1_79' title='bbox 619 981 655 1032; x_wconf 70' lang='grc' dir='ltr'><em>ὦ</em></span> <span class='ocrx_word' id='word_1_80' title='bbox 694 983 858 1049; x_wconf 78' lang='grc' dir='ltr'>ἄνδρες</span> <span class='ocrx_word' id='word_1_81' title='bbox 896 984 1153 1046; x_wconf 89' lang='grc' dir='ltr'>Ἀθηναῖοι,</span> <span class='ocrx_word' id='word_1_82' title='bbox 1188 982 1449 1045; x_wconf 83' lang='grc' dir='ltr'>πείθεσθαι,</span> <span class='ocrx_word' id='word_1_83' title='bbox 1484 983 1634 1033; x_wconf 79' lang='grc' dir='ltr'>καθά-</span> 
     </span>
     <span class='ocr_line' id='line_1_11' title="bbox 114 1064 1667 1134; baseline -0.001 -17"><span class='ocrx_word' id='word_1_84' title='bbox 114 1089 203 1132; x_wconf 88' lang='grc' dir='ltr'>περ</span> <span class='ocrx_word' id='word_1_85' title='bbox 233 1066 436 1134; x_wconf 71' lang='grc' dir='ltr'>ἐδίδαξα,</span> <span class='ocrx_word' id='word_1_86' title='bbox 474 1069 549 1116; x_wconf 76' lang='grc' dir='ltr'>καὶ</span> <span class='ocrx_word' id='word_1_87' title='bbox 584 1067 1058 1128; x_wconf 65' lang='grc' dir='ltr'>Χδιαβεβαιωσαίμην</span> <span class='ocrx_word' id='word_1_88' title='bbox 1096 1064 1166 1127; x_wconf 80' lang='grc' dir='ltr'>ἂν,</span> <span class='ocrx_word' id='word_1_89' title='bbox 1202 1068 1263 1118; x_wconf 89' lang='grc' dir='ltr'>ὡς</span> <span class='ocrx_word' id='word_1_90' title='bbox 1301 1067 1426 1116; x_wconf 80' lang='grc' dir='ltr'>τοῦθ’</span> <span class='ocrx_word' id='word_1_91' title='bbox 1454 1066 1667 1128; x_wconf 82' lang='grc' dir='ltr'>ἡλικιάς5</span> 
     </span>
     <span class='ocr_line' id='line_1_12' title="bbox 116 1147 1638 1217; baseline 0.001 -18"><span class='ocrx_word' id='word_1_92' title='bbox 116 1149 249 1216; x_wconf 74' lang='grc' dir='ltr'>ἔχων,</span> <span class='ocrx_word' id='word_1_93' title='bbox 298 1147 396 1212; x_wconf 80' lang='grc' dir='ltr'>ἅμα</span> <span class='ocrx_word' id='word_1_94' title='bbox 448 1153 523 1200; x_wconf 78' lang='grc' dir='ltr'>καὶ</span> <span class='ocrx_word' id='word_1_95' title='bbox 573 1154 640 1217; x_wconf 74' lang='grc' dir='ltr'>τῷ</span> <span class='ocrx_word' id='word_1_96' title='bbox 691 1151 852 1217; x_wconf 73' lang='grc' dir='ltr'>δικαίῳ</span> <span class='ocrx_word' id='word_1_97' title='bbox 897 1150 1017 1212; x_wconf 80' lang='grc' dir='ltr'>ἡμᾶς</span> <span class='ocrx_word' id='word_1_98' title='bbox 1067 1149 1365 1214; x_wconf 77' lang='grc' dir='ltr'>ἀνεγκλήτως</span> <span class='ocrx_word' id='word_1_99' title='bbox 1417 1151 1491 1199; x_wconf 77' lang='grc' dir='ltr'>καὶ</span> <span class='ocrx_word' id='word_1_100' title='bbox 1542 1155 1638 1204; x_wconf 89' lang='grc' dir='ltr'>τοῖς</span> 
     </span>
     <span class='ocr_line' id='line_1_13' title="bbox 117 1231 1638 1300; baseline 0.001 -17"><span class='ocrx_word' id='word_1_101' title='bbox 117 1237 290 1298; x_wconf 86' lang='grc' dir='ltr'>καιροῖς</span> <span class='ocrx_word' id='word_1_102' title='bbox 323 1232 677 1300; x_wconf 75' lang='grc' dir='ltr'>ἀσφαλέστατα</span> <span class='ocrx_word' id='word_1_103' title='bbox 716 1240 733 1267; x_wconf 64' lang='grc' dir='ltr'><strong><em>Υ</em></strong></span> <span class='ocrx_word' id='word_1_104' title='bbox 744 1232 1014 1299; x_wconf 87' lang='grc' dir='ltr'>χρήσεσθαι</span> <span class='ocrx_word' id='word_1_105' title='bbox 1052 1237 1147 1285; x_wconf 89' lang='grc' dir='ltr'>τοῖς</span> <span class='ocrx_word' id='word_1_106' title='bbox 1186 1234 1259 1282; x_wconf 82' lang='grc' dir='ltr'>ἐπὶ</span> <span class='ocrx_word' id='word_1_107' title='bbox 1299 1231 1353 1282; x_wconf 84' lang='grc' dir='ltr'>τὸ</span> <span class='ocrx_word' id='word_1_108' title='bbox 1391 1232 1638 1300; x_wconf 74' lang='grc' dir='ltr'>συμφέρον</span> 
     </span>
     <span class='ocr_line' id='line_1_14' title="bbox 118 1315 1632 1382; baseline 0 -15"><span class='ocrx_word' id='word_1_109' title='bbox 118 1316 488 1380; x_wconf 88' lang='grc' dir='ltr'>κατεπείγουσιν.</span> <span class='ocrx_word' id='word_1_110' title='bbox 542 1319 617 1366; x_wconf 82' lang='grc' dir='ltr'>καὶ</span> <span class='ocrx_word' id='word_1_111' title='bbox 650 1315 744 1382; x_wconf 80' lang='grc' dir='ltr'>γὰρ</span> <span class='ocrx_word' id='word_1_112' title='bbox 779 1316 845 1366; x_wconf 79' lang='grc' dir='ltr'>ἔτι</span> <span class='ocrx_word' id='word_1_113' title='bbox 882 1316 1276 1382; x_wconf 78' lang='grc' dir='ltr'>προσγέγραπται</span> <span class='ocrx_word' id='word_1_114' title='bbox 1315 1321 1416 1370; x_wconf 93' lang='grc' dir='ltr'>ταῖς</span> <span class='ocrx_word' id='word_1_115' title='bbox 1453 1317 1632 1380; x_wconf 86' lang='grc' dir='ltr'>συνθή-</span> 
     </span>
     <span class='ocr_line' id='line_1_15' title="bbox 118 1399 1634 1466; baseline -0.001 -15"><span class='ocrx_word' id='word_1_116' title='bbox 118 1423 230 1462; x_wconf 92' lang='grc' dir='ltr'>καις,</span> <span class='ocrx_word' id='word_1_117' title='bbox 263 1399 343 1450; x_wconf 79' lang='grc' dir='ltr'>ἐὰν</span> <span class='ocrx_word' id='word_1_118' title='bbox 378 1400 662 1463; x_wconf 80' lang='grc' dir='ltr'>βουλώμεθα</span> <span class='ocrx_word' id='word_1_119' title='bbox 700 1403 782 1463; x_wconf 80' lang='grc' dir='ltr'>τῆς</span> <span class='ocrx_word' id='word_1_120' title='bbox 821 1403 976 1464; x_wconf 86' lang='grc' dir='ltr'>κοινῆς</span> <span class='ocrx_word' id='word_1_121' title='bbox 1015 1399 1196 1466; x_wconf 80' lang='grc' dir='ltr'>εἰρήνης</span> <span class='ocrx_word' id='word_1_122' title='bbox 1233 1400 1458 1466; x_wconf 75' lang='grc' dir='ltr'>μετέχειν·</span> <span class='ocrx_word' id='word_1_123' title='bbox 1506 1399 1559 1450; x_wconf 79' lang='grc' dir='ltr'>τὸ</span> <span class='ocrx_word' id='word_1_124' title='bbox 1596 1401 1634 1450; x_wconf 86' lang='grc' dir='ltr'>δ’</span> 
     </span>
     <span class='ocr_line' id='line_1_16' title="bbox 52 1481 1692 1552; baseline -0.001 -17"><span class='ocrx_word' id='word_1_125' title='bbox 52 1483 198 1552; x_wconf 75' lang='grc' dir='ltr'>36ἐᾶν</span> <span class='ocrx_word' id='word_1_126' title='bbox 235 1484 520 1546; x_wconf 77' lang='grc' dir='ltr'>βουλώμεθα</span> <span class='ocrx_word' id='word_1_127' title='bbox 560 1485 690 1533; x_wconf 71' lang='grc' dir='ltr'>ἐστὶν</span> <span class='ocrx_word' id='word_1_128' title='bbox 730 1481 828 1546; x_wconf 80' lang='grc' dir='ltr'>ἅμα</span> <span class='ocrx_word' id='word_1_129' title='bbox 873 1486 947 1533; x_wconf 76' lang='grc' dir='ltr'>καὶ</span> <span class='ocrx_word' id='word_1_130' title='bbox 992 1484 1276 1546; x_wconf 81' lang='grc' dir='ltr'>τούναντίον,</span> <span class='ocrx_word' id='word_1_131' title='bbox 1315 1488 1351 1534; x_wconf 83' lang='grc' dir='ltr'>εἰ</span> <span class='ocrx_word' id='word_1_132' title='bbox 1392 1484 1483 1549; x_wconf 79' lang='grc' dir='ltr'>ἄρα</span> <span class='ocrx_word' id='word_1_133' title='bbox 1523 1483 1637 1535; x_wconf 77' lang='grc' dir='ltr'>ποτὲ</span> <span class='ocrx_word' id='word_1_134' title='bbox 1653 1507 1692 1528; x_wconf 87' lang='lat'>10</span> 
     </span>
     <span class='ocr_line' id='line_1_17' title="bbox 118 1566 1634 1632; baseline 0.001 -15"><span class='ocrx_word' id='word_1_135' title='bbox 118 1569 188 1618; x_wconf 87' lang='grc' dir='ltr'>δεῖ</span> <span class='ocrx_word' id='word_1_136' title='bbox 214 1567 496 1618; x_wconf 89' lang='grc' dir='ltr'>παύσασθαι</span> <span class='ocrx_word' id='word_1_137' title='bbox 524 1571 734 1632; x_wconf 82' lang='grc' dir='ltr'>αἰσχρῶς</span> <span class='ocrx_word' id='word_1_138' title='bbox 760 1567 927 1632; x_wconf 75' lang='grc' dir='ltr'>ἑτέροις</span> <span class='ocrx_word' id='word_1_139' title='bbox 954 1568 1344 1627; x_wconf 80' lang='grc' dir='ltr'>ἀκολουθοῦντας,</span> <span class='ocrx_word' id='word_1_140' title='bbox 1373 1566 1504 1616; x_wconf 80' lang='grc' dir='ltr'>ἀλλὰ</span> <span class='ocrx_word' id='word_1_141' title='bbox 1529 1569 1634 1631; x_wconf 80' lang='grc' dir='ltr'>μηδ’</span> 
     </span>
     <span class='ocr_line' id='line_1_18' title="bbox 119 1651 1638 1719; baseline 0.001 -18"><span class='ocrx_word' id='word_1_142' title='bbox 119 1653 475 1714; x_wconf 79' lang='grc' dir='ltr'>ἀναμνησθῆναι</span> <span class='ocrx_word' id='word_1_143' title='bbox 518 1653 743 1713; x_wconf 81' lang='grc' dir='ltr'>μηδεμιᾶς</span> <span class='ocrx_word' id='word_1_144' title='bbox 789 1651 1060 1719; x_wconf 85' lang='grc' dir='ltr'>φιλοτιμίας</span> <span class='ocrx_word' id='word_1_145' title='bbox 1100 1655 1194 1701; x_wconf 82' lang='grc' dir='ltr'>τῶν</span> <span class='ocrx_word' id='word_1_146' title='bbox 1233 1651 1290 1719; x_wconf 75' lang='grc' dir='ltr'>ἐξ</span> <span class='ocrx_word' id='word_1_147' title='bbox 1325 1651 1638 1717; x_wconf 79' lang='grc' dir='ltr'>ἀρχαιοτάτου</span> 
     </span>
     <span class='ocr_line' id='line_1_19' title="bbox 118 1733 1637 1801; baseline 0 -16"><span class='ocrx_word' id='word_1_148' title='bbox 118 1738 194 1786; x_wconf 81' lang='grc' dir='ltr'>καὶ</span> <span class='ocrx_word' id='word_1_149' title='bbox 237 1736 512 1786; x_wconf 85' lang='grc' dir='ltr'>Ζπλείστων</span> <span class='ocrx_word' id='word_1_150' title='bbox 563 1736 639 1785; x_wconf 76' lang='grc' dir='ltr'>καὶ</span> <span class='ocrx_word' id='word_1_151' title='bbox 690 1733 904 1797; x_wconf 80' lang='grc' dir='ltr'>μάλιστα</span> <span class='ocrx_word' id='word_1_152' title='bbox 954 1734 1145 1785; x_wconf 79' lang='grc' dir='ltr'>πάντων</span> <span class='ocrx_word' id='word_1_153' title='bbox 1189 1734 1449 1801; x_wconf 84' lang='grc' dir='ltr'>ἀνθρώπων</span> <span class='ocrx_word' id='word_1_154' title='bbox 1494 1736 1637 1799; x_wconf 58' lang='grc' dir='ltr'>’Ἰὴμῖν</span> 
     </span>
     <span class='ocr_line' id='line_1_20' title="bbox 119 1816 1688 1885; baseline 0.001 -16"><span class='ocrx_word' id='word_1_155' title='bbox 119 1819 447 1885; x_wconf 83' lang='grc' dir='ltr'>ὑπαρχουσῶν.</span> <span class='ocrx_word' id='word_1_156' title='bbox 497 1818 577 1869; x_wconf 81' lang='grc' dir='ltr'>ἐὰν</span> <span class='ocrx_word' id='word_1_157' title='bbox 604 1819 684 1868; x_wconf 77' lang='grc' dir='ltr'>οὖν</span> <span class='ocrx_word' id='word_1_158' title='bbox 717 1817 947 1882; x_wconf 82' lang='grc' dir='ltr'>κελεύητε,</span> <span class='ocrx_word' id='word_1_159' title='bbox 975 1816 1011 1867; x_wconf 73' lang='grc' dir='ltr'><em>ὦ</em></span> <span class='ocrx_word' id='word_1_160' title='bbox 1038 1819 1201 1884; x_wconf 82' lang='grc' dir='ltr'>ἄνδρες</span> <span class='ocrx_word' id='word_1_161' title='bbox 1226 1820 1483 1882; x_wconf 84' lang='grc' dir='ltr'>Ἀθηναῖοι,</span> <span class='ocrx_word' id='word_1_162' title='bbox 1511 1818 1629 1885; x_wconf 83' lang='grc' dir='ltr'>γρά-</span> <span class='ocrx_word' id='word_1_163' title='bbox 1653 1840 1688 1871; x_wconf 88' lang='lat'>15</span> 
     </span>
    </p>
   </div>
   <div class='ocr_carea' id='block_1_3' title="bbox 118 1900 1631 1971">
    <p class='ocr_par' dir='ltr' id='par_1_3' title="bbox 118 1900 1631 1971">
     <span class='ocr_line' id='line_1_21' title="bbox 118 1900 1631 1971; baseline 0.001 -20"><span class='ocrx_word' id='word_1_164' title='bbox 118 1906 216 1971; x_wconf 77' lang='grc' dir='ltr'>ψω,</span> <span class='ocrx_word' id='word_1_165' title='bbox 243 1900 452 1967; x_wconf 81' lang='grc' dir='ltr'>καθάπερ</span> <span class='ocrx_word' id='word_1_166' title='bbox 479 1905 524 1952; x_wconf 82' lang='grc' dir='ltr'>αἱ</span> <span class='ocrx_word' id='word_1_167' title='bbox 557 1905 788 1965; x_wconf 81' lang='grc' dir='ltr'>συνθῆκαι</span> <span class='ocrx_word' id='word_1_168' title='bbox 822 1901 1079 1962; x_wconf 90' lang='grc' dir='ltr'>κελεύουσι,</span> <span class='ocrx_word' id='word_1_169' title='bbox 1106 1907 1330 1965; x_wconf 90' lang='grc' dir='ltr'>πολεμεῖν</span> <span class='ocrx_word' id='word_1_170' title='bbox 1355 1908 1451 1956; x_wconf 89' lang='grc' dir='ltr'>τοῖς</span> <span class='ocrx_word' id='word_1_171' title='bbox 1476 1925 1631 1968; x_wconf 88' lang='grc' dir='ltr'>παρα-</span> 
     </span>
    </p>
   </div>
   <div class='ocr_carea' id='block_1_4' title="bbox 118 1983 427 2047">
    <p class='ocr_par' dir='ltr' id='par_1_4' title="bbox 118 1983 427 2047">
     <span class='ocr_line' id='line_1_22' title="bbox 118 1983 427 2047; baseline 0 -11"><span class='ocrx_word' id='word_1_172' title='bbox 118 1985 380 2047; x_wconf 80' lang='grc' dir='ltr'>βεβηκόσιν</span> <span class='ocrx_word' id='word_1_173' title='bbox 395 1983 427 2036; x_wconf 78' lang='lat' dir='ltr'>b.</span> 
     </span>
    </p>
   </div>
   <div class='ocr_carea' id='block_1_5' title="bbox 120 2165 1639 2319">
    <p class='ocr_par' dir='ltr' id='par_1_5' title="bbox 120 2165 1639 2319">
     <span class='ocr_line' id='line_1_23' title="bbox 174 2165 1636 2212; baseline 0 -13"><span class='ocrx_word' id='word_1_174' title='bbox 174 2171 193 2191; x_wconf 92' lang='lat'>0</span> <span class='ocrx_word' id='word_1_175' title='bbox 212 2167 314 2200; x_wconf 86' lang='grc' dir='ltr'>τοῦτο</span> <span class='ocrx_word' id='word_1_176' title='bbox 333 2167 375 2200; x_wconf 88' lang='lat' dir='ltr'>A.</span> <span class='ocrx_word' id='word_1_177' title='bbox 411 2166 611 2212; x_wconf 84' lang='lat' dir='ltr'>Legebatur</span> <span class='ocrx_word' id='word_1_178' title='bbox 630 2169 745 2201; x_wconf 88' lang='grc' dir='ltr'>ταῦτα.</span> <span class='ocrx_word' id='word_1_179' title='bbox 830 2172 849 2200; x_wconf 86' lang='lat' dir='ltr'>P</span> <span class='ocrx_word' id='word_1_180' title='bbox 869 2166 1050 2211; x_wconf 79' lang='grc' dir='ltr'>ἐξέσεσθαι</span> <span class='ocrx_word' id='word_1_181' title='bbox 1070 2166 1231 2200; x_wconf 69' lang='lat' dir='ltr'>⁷Wolfius.</span> <span class='ocrx_word' id='word_1_182' title='bbox 1267 2166 1466 2212; x_wconf 83' lang='lat' dir='ltr'>Legebatur</span> <span class='ocrx_word' id='word_1_183' title='bbox 1487 2165 1636 2210; x_wconf 79' lang='grc' dir='ltr'>ἐξέσται.</span> 
     </span>
     <span class='ocr_line' id='line_1_24' title="bbox 120 2218 1639 2265; baseline 0.001 -13"><span class='ocrx_word' id='word_1_184' title='bbox 120 2225 140 2252; x_wconf 81' lang='lat' dir='ltr'><strong>q</strong></span> <span class='ocrx_word' id='word_1_185' title='bbox 159 2218 281 2265; x_wconf 75' lang='grc' dir='ltr'>πλέον]</span> <span class='ocrx_word' id='word_1_186' title='bbox 305 2221 425 2253; x_wconf 78' lang='grc' dir='ltr'>πλεῖον</span> <span class='ocrx_word' id='word_1_187' title='bbox 443 2221 485 2254; x_wconf 89' lang='grc' dir='ltr'>Α.</span> <span class='ocrx_word' id='word_1_188' title='bbox 595 2225 609 2244; x_wconf 70' lang='grc' dir='ltr'><strong><em>Γ</em></strong></span> <span class='ocrx_word' id='word_1_189' title='bbox 628 2220 840 2263; x_wconf 83' lang='grc' dir='ltr'>πανταχόθεν</span> <span class='ocrx_word' id='word_1_190' title='bbox 861 2221 901 2253; x_wconf 87' lang='lat' dir='ltr'>A.</span> <span class='ocrx_word' id='word_1_191' title='bbox 942 2220 1141 2265; x_wconf 83' lang='lat' dir='ltr'>Legebatur</span> <span class='ocrx_word' id='word_1_192' title='bbox 1161 2220 1338 2254; x_wconf 86' lang='grc' dir='ltr'>πάντοθεν.</span> <span class='ocrx_word' id='word_1_193' title='bbox 1445 2224 1459 2243; x_wconf 74' lang='lat' dir='ltr'>S</span> <span class='ocrx_word' id='word_1_194' title='bbox 1480 2222 1520 2261; x_wconf 86' lang='grc' dir='ltr'>τῇ</span> <span class='ocrx_word' id='word_1_195' title='bbox 1539 2221 1639 2253; x_wconf 82' lang='grc' dir='ltr'>πόλει</span> 
     </span>
     <span class='ocr_line' id='line_1_25' title="bbox 120 2271 1637 2319; baseline 0 -13"><span class='ocrx_word' id='word_1_196' title='bbox 120 2284 189 2307; x_wconf 84' lang='lat' dir='ltr'>om.</span> <span class='ocrx_word' id='word_1_197' title='bbox 211 2273 284 2307; x_wconf 88' lang='lat' dir='ltr'>F.v.</span> <span class='ocrx_word' id='word_1_198' title='bbox 307 2279 341 2307; x_wconf 85' lang='lat' dir='ltr'>et</span> <span class='ocrx_word' id='word_1_199' title='bbox 361 2285 414 2318; x_wconf 89' lang='lat' dir='ltr'>pr.</span> <span class='ocrx_word' id='word_1_200' title='bbox 432 2273 474 2306; x_wconf 86' lang='lat' dir='ltr'>Y.</span> <span class='ocrx_word' id='word_1_201' title='bbox 598 2271 612 2297; x_wconf 78' lang='grc' dir='ltr'>’ί</span> <span class='ocrx_word' id='word_1_202' title='bbox 633 2274 667 2307; x_wconf 78' lang='grc' dir='ltr'>δέ</span> <span class='ocrx_word' id='word_1_203' title='bbox 688 2273 904 2308; x_wconf 79' lang='lat' dir='ltr'><strong>A.F.Y.O.v.</strong></span> <span class='ocrx_word' id='word_1_204' title='bbox 927 2279 962 2307; x_wconf 82' lang='lat' dir='ltr'>et</span> <span class='ocrx_word' id='word_1_205' title='bbox 982 2286 1127 2319; x_wconf 80' lang='lat' dir='ltr'>gramm.</span> <span class='ocrx_word' id='word_1_206' title='bbox 1148 2273 1183 2306; x_wconf 85' lang='lat' dir='ltr'>in</span> <span class='ocrx_word' id='word_1_207' title='bbox 1206 2273 1318 2306; x_wconf 70' lang='lat' dir='ltr'>Bekk.</span> <span class='ocrx_word' id='word_1_208' title='bbox 1342 2273 1474 2306; x_wconf 81' lang='lat' dir='ltr'>Anecd.</span> <span class='ocrx_word' id='word_1_209' title='bbox 1498 2285 1530 2317; x_wconf 85' lang='lat' dir='ltr'>p.</span> <span class='ocrx_word' id='word_1_210' title='bbox 1551 2280 1637 2319; x_wconf 81' lang='lat'>150,</span> 
     </span>
    </p>
   </div>
   <div class='ocr_carea' id='block_1_6' title="bbox 122 2326 1638 2425">
    <p class='ocr_par' dir='ltr' id='par_1_6' title="bbox 122 2326 1638 2425">
     <span class='ocr_line' id='line_1_26' title="bbox 129 2326 1637 2372; baseline 0.001 -12"><span class='ocrx_word' id='word_1_211' title='bbox 129 2336 184 2370; x_wconf 88' lang='grc'>14.</span> <span class='ocrx_word' id='word_1_212' title='bbox 214 2326 253 2369; x_wconf 84' lang='grc' dir='ltr'>δὴ</span> <span class='ocrx_word' id='word_1_213' title='bbox 274 2327 390 2372; x_wconf 84' lang='lat' dir='ltr'>vulgo.</span> <span class='ocrx_word' id='word_1_214' title='bbox 486 2332 506 2350; x_wconf 80' lang='lat'>¹1</span> <span class='ocrx_word' id='word_1_215' title='bbox 526 2327 601 2371; x_wconf 79' lang='grc' dir='ltr'>περὶ</span> <span class='ocrx_word' id='word_1_216' title='bbox 623 2327 663 2360; x_wconf 83' lang='lat' dir='ltr'>A.</span> <span class='ocrx_word' id='word_1_217' title='bbox 704 2327 903 2372; x_wconf 71' lang='lat' dir='ltr'>Legebatur</span> <span class='ocrx_word' id='word_1_218' title='bbox 924 2326 1018 2371; x_wconf 72' lang='grc' dir='ltr'>ὑπέρ.</span> <span class='ocrx_word' id='word_1_219' title='bbox 1104 2332 1122 2351; x_wconf 75' lang='lat' dir='ltr'>X</span> <span class='ocrx_word' id='word_1_220' title='bbox 1143 2326 1455 2370; x_wconf 70' lang='grc' dir='ltr'>διαβεβαιωσαίμην</span> <span class='ocrx_word' id='word_1_221' title='bbox 1475 2326 1637 2361; x_wconf 57' lang='lat' dir='ltr'><strong>VVOlfiuS.</strong></span> 
     </span>
     <span class='ocr_line' id='line_1_27' title="bbox 122 2378 1638 2425; baseline 0 -12"><span class='ocrx_word' id='word_1_222' title='bbox 122 2378 321 2424; x_wconf 84' lang='lat' dir='ltr'>Legebatur</span> <span class='ocrx_word' id='word_1_223' title='bbox 341 2380 645 2423; x_wconf 83' lang='grc' dir='ltr'>διεβεβαιωσάμην.</span> <span class='ocrx_word' id='word_1_224' title='bbox 736 2386 754 2413; x_wconf 73' lang='lat' dir='ltr'><em>Y</em></span> <span class='ocrx_word' id='word_1_225' title='bbox 774 2380 968 2425; x_wconf 79' lang='grc' dir='ltr'>χρήσεσθαι</span> <span class='ocrx_word' id='word_1_226' title='bbox 990 2380 1197 2414; x_wconf 79' lang='lat' dir='ltr'><strong>Schaeferus.</strong></span> <span class='ocrx_word' id='word_1_227' title='bbox 1226 2379 1425 2424; x_wconf 74' lang='grc' dir='ltr'>χρήσασθαι</span> <span class='ocrx_word' id='word_1_228' title='bbox 1444 2380 1486 2413; x_wconf 87' lang='grc' dir='ltr'>Α.</span> <span class='ocrx_word' id='word_1_229' title='bbox 1527 2379 1638 2425; x_wconf 79' lang='lat' dir='ltr'>Lege-</span> 
     </span>
    </p>
   </div>
   <div class='ocr_carea' id='block_1_7' title="bbox 121 2432 1639 2574">
    <p class='ocr_par' dir='ltr' id='par_1_7' title="bbox 121 2432 1639 2574">
     <span class='ocr_line' id='line_1_28' title="bbox 121 2432 1637 2478; baseline 0 -12"><span class='ocrx_word' id='word_1_230' title='bbox 121 2432 223 2466; x_wconf 84' lang='lat' dir='ltr'>batur</span> <span class='ocrx_word' id='word_1_231' title='bbox 242 2433 404 2477; x_wconf 83' lang='grc' dir='ltr'>χρῆσθαι.</span> <span class='ocrx_word' id='word_1_232' title='bbox 481 2438 498 2457; x_wconf 80' lang='lat'><strong>2</strong></span> <span class='ocrx_word' id='word_1_233' title='bbox 518 2432 711 2478; x_wconf 82' lang='grc' dir='ltr'>πλείστων]</span> <span class='ocrx_word' id='word_1_234' title='bbox 737 2435 904 2467; x_wconf 84' lang='grc' dir='ltr'>πλείστου</span> <span class='ocrx_word' id='word_1_235' title='bbox 926 2434 1040 2468; x_wconf 75' lang='lat' dir='ltr'><strong>F.u.v.</strong></span> <span class='ocrx_word' id='word_1_236' title='bbox 1115 2439 1134 2458; x_wconf 75' lang='lat' dir='ltr'>a</span> <span class='ocrx_word' id='word_1_237' title='bbox 1153 2433 1230 2476; x_wconf 83' lang='grc' dir='ltr'>ἡμῖν</span> <span class='ocrx_word' id='word_1_238' title='bbox 1250 2434 1290 2467; x_wconf 88' lang='lat' dir='ltr'>A.</span> <span class='ocrx_word' id='word_1_239' title='bbox 1328 2433 1529 2478; x_wconf 79' lang='lat' dir='ltr'>Legebatur</span> <span class='ocrx_word' id='word_1_240' title='bbox 1549 2433 1637 2477; x_wconf 79' lang='grc' dir='ltr'>ὑμῖν.</span> 
     </span>
     <span class='ocr_line' id='line_1_29' title="bbox 121 2481 1639 2533; baseline 0 -13"><span class='ocrx_word' id='word_1_241' title='bbox 121 2481 142 2510; x_wconf 76' lang='lat' dir='ltr'>b</span> <span class='ocrx_word' id='word_1_242' title='bbox 168 2485 410 2532; x_wconf 85' lang='lat' dir='ltr'><strong>Subscriptum</strong></span> <span class='ocrx_word' id='word_1_243' title='bbox 437 2486 473 2520; x_wconf 89' lang='lat' dir='ltr'>in</span> <span class='ocrx_word' id='word_1_244' title='bbox 500 2487 543 2521; x_wconf 91' lang='lat' dir='ltr'>B.</span> <span class='ocrx_word' id='word_1_245' title='bbox 570 2488 648 2532; x_wconf 83' lang='grc' dir='ltr'>περὶ</span> <span class='ocrx_word' id='word_1_246' title='bbox 676 2491 743 2521; x_wconf 81' lang='grc' dir='ltr'>τῶν</span> <span class='ocrx_word' id='word_1_247' title='bbox 771 2488 856 2532; x_wconf 85' lang='grc' dir='ltr'>πρὸς</span> <span class='ocrx_word' id='word_1_248' title='bbox 882 2487 1088 2533; x_wconf 81' lang='grc' dir='ltr'>ἀλέξανδρον</span> <span class='ocrx_word' id='word_1_249' title='bbox 1115 2487 1301 2530; x_wconf 81' lang='grc' dir='ltr'>συνθηκῶν,</span> <span class='ocrx_word' id='word_1_250' title='bbox 1326 2487 1455 2521; x_wconf 77' lang='lat' dir='ltr'>omisso</span> <span class='ocrx_word' id='word_1_251' title='bbox 1475 2498 1639 2521; x_wconf 83' lang='lat' dir='ltr'><strong>versuum</strong></span> 
     </span>
     <span class='ocr_line' id='line_1_30' title="bbox 122 2550 281 2574; baseline 0.013 -2"><span class='ocrx_word' id='word_1_252' title='bbox 122 2550 281 2574; x_wconf 80' lang='lat' dir='ltr'>numero.</span> 
     </span>
    </p>
   </div>
   <div class='ocr_carea' id='block_1_8' title="bbox 186 3063 921 3103">
    <p class='ocr_par' dir='ltr' id='par_1_8' title="bbox 186 3063 921 3103">
     <span class='ocr_line' id='line_1_31' title="bbox 186 3063 921 3103; baseline 0.007 -5"><span class='ocrx_word' id='word_1_253' title='bbox 186 3072 276 3099; x_wconf 84' lang='lat' dir='ltr'>vo1..</span> <span class='ocrx_word' id='word_1_254' title='bbox 303 3074 331 3100; x_wconf 89' lang='lat'>1.</span> <span class='ocrx_word' id='word_1_255' title='bbox 846 3076 872 3103; x_wconf 73' lang='lat' dir='ltr'>H</span> <span class='ocrx_word' id='word_1_256' title='bbox 900 3063 921 3103; x_wconf 72' lang='grc' dir='ltr'>Ιῑ</span> 
     </span>
    </p>
   </div>
  </div>
 </body>
</html>
