1882 3250
244 193 327 231 114
792 197 1216 235 ΔΗΜΟΣΘΕΝΟΎΣ
1368 195 1449 233 On.
1477 194 1606 234 VIII.
1629 208 1665 247 p.
1689 193 1781 240 106,
1800 204 1818 229 6

177 315 228 366 69
245 307 503 357 Φιλίππου.
548 309 651 357 Χκαὶ
677 306 769 372 γάρ
795 330 865 356 τοι
890 306 1068 357 τούτων
1093 307 1176 368 μὲν
1201 309 1248 357 ἐκ
1277 311 1480 373 πτωχῶν
1501 306 1609 356 ε”νιοι
1634 305 1754 372 ταχὺ

241 390 465 440 πλούσιοι
503 389 754 456 Υγεγόνασι
787 393 862 440 καὶ
898 391 954 458 ἐξ
977 390 1230 452 ἀνωνύμων
1256 392 1330 440 καὶ
1362 389 1546 457 ἀδόξων
1575 389 1753 457 ἔνδοξοι

241 475 316 524 καὶ
342 474 586 539 γνώριμοι,
618 475 742 536 ὑμεῖς
769 473 817 523 δὲ
842 474 1111 523 τούναντίον
1137 475 1187 524 ἐκ
1221 473 1305 536 μὲν
1341 471 1543 540 ἐνδόξων
1569 471 1750 539 ἄδοξοι,

241 558 291 607 ἐκ
325 558 362 606 δ’
390 555 599 622 εὐπόρων
625 557 808 621 ἄποροι·
851 556 1033 610 πόλεως
1060 556 1152 621 γὰρ
1194 556 1340 622 ἔγωγε
1373 561 1583 606 πλοῦτον
1610 555 1751 620 ἡγου-

239 661 323 702 μαι
361 639 654 706 συμμάχους,
693 639 870 701 πίστιν,
909 640 1102 697 εὔνοιαν,
1145 637 1209 689 ὧν
1242 638 1457 690 Ζπάντων
1493 638 1592 688 ἔσθ’
1628 639 1750 701 ὑμεῖς
1768 666 1806 687 ιο

173 738 226 777 70
240 722 423 788 ἄποροι.
467 724 546 772 ὃέκ
572 721 620 772 δὲ
647 727 728 772 τοῦ
755 721 932 772 τούτων
964 721 1205 786 ὀλιγώρως
1243 721 1389 784 ὺὺμᾶς
1427 720 1547 787 ἔχειν
1574 721 1648 770 καὶ
1675 721 1753 770 ε’ᾶν

239 810 409 854 εταῦτα
460 804 687 872 φέρεσθαι
737 805 761 854 ὁ
807 803 892 867 μὲν
933 805 1160 867 εὐδαίμων
1211 807 1286 854 καὶ
1337 805 1484 869 με’γας
1535 806 1609 854 καὶ
1657 809 1747 872 φο-

238 886 376 953 βερὸς
414 892 564 937 πᾶσιν
601 886 820 950 ’Ἐλλησι
864 889 939 936 καὶ
986 885 1006 920 ‘¹
1019 887 1298 953 βαρβάροις,
1345 890 1470 951 ὑμεῖς
1515 891 1554 938 δ’
1592 888 1754 953 ε”ρημοι

238 973 314 1022 καὶ
352 973 571 1032 ταπεινοὶ,
611 974 668 1037 τῇ
714 970 819 1033 θμὲν
858 974 952 1020 τῶν
995 971 1143 1021 ὠνίων
1184 972 1389 1039 ἀφθονίᾳ
1425 974 1650 1037 λαμπροὶ,
1694 975 1803 1038 τῇι5

173 1067 221 1109 71
240 1057 278 1105 δ’
317 1053 380 1105 ὧν
422 1057 634 1121 προσῆκε
674 1058 951 1121 παρασκευῇ
996 1054 1359 1119 καταγέλαστοι.
1403 1055 1455 1104 οὐ
1495 1054 1578 1104 τὸν
1613 1053 1755 1104 αὐτὸν

240 1138 288 1190 δὲ
326 1138 502 1205 τρόπον
538 1139 649 1204 περί
683 1139 722 1189 θ’
758 1139 886 1200 ὑμῶν
924 1140 998 1188 καὶ
1031 1141 1137 1204 περὶ
1168 1140 1321 1189 αὑτῶν
1356 1139 1499 1191 ἐνίους
1534 1142 1628 1188 τῶν
1667 1144 1750 1187 λε·-

239 1223 422 1289 γόντων
472 1224 565 1289 ὁρῶ
622 1222 1002 1284 βουλευομένους·
1071 1224 1188 1285 ὑμᾶς
1245 1220 1349 1285 ῑμὲν
1399 1221 1492 1287 γὰρ
1551 1223 1754 1288 ἡσυχίαν

240 1309 372 1374 ἄγειν
413 1310 535 1377 φασὶ
578 1311 689 1369 δεῖν,
733 1307 820 1357 κᾶν
861 1329 929 1360 τις
969 1308 1085 1369 ὑμᾶς
1126 1308 1274 1372 ἀδικῇ,
1316 1307 1445 1356 αὐτοὶ
1490 1306 1528 1356 δ’
1571 1306 1623 1355 οὑ
1664 1305 1747 1356 δύ-

241 1416 401 1444 νανται
435 1393 543 1458 παρ’
573 1393 679 1455 ὑμῖν
714 1391 917 1457 ἡσυχίαν
951 1390 1082 1455 ἄγειν
1117 1389 1300 1442 οὐδενὸς
1337 1388 1501 1443 αὐτοὺς
1541 1391 1750 1439 ἀδικοῦν·
1763 1411 1803 1433 20

172 1496 225 1538 72
239 1500 331 1530 τος.
372 1474 468 1526 εἶτα
502 1477 653 1544 φησὶν
688 1473 738 1528 ὃς
779 1473 836 1524 ἂν
871 1473 990 1540 τύχῃ
1024 1473 1276 1538 παρελθών
1317 1474 1415 1523 “οὑ
1453 1471 1547 1538 γὰρ
1581 1473 1752 1526 ἐθέλεις

239 1568 267 1590 “
293 1559 508 1629 γράφειν,
550 1558 654 1610 οὐδὲ
694 1558 980 1619 κινδυνεύειν,
1019 1559 1129 1608 ἀλλ’
1171 1558 1380 1621 ἄτολμος
1418 1555 1459 1608 εἷ
1489 1559 1565 1607 καὶ
1598 1564 1754 1619 μαλα-

240 1643 406 1698 “κός.”
447 1643 539 1708 ἐγὼ
591 1642 638 1693 δὲ
689 1640 870 1708 θρασὺς
922 1641 1007 1704 μὲν
1049 1643 1124 1691 καὶ
1168 1640 1398 1707 βδελυρὸς
1448 1643 1523 1691 καὶ
1565 1640 1755 1705 ἀναιδὴς

238 1730 334 1779 οὔτ’
374 1729 464 1789 εἰμὶ
504 1728 661 1790 ἑζμήτε
702 1726 934 1791 γενοίμην,
974 1725 1291 1791 ἀνδρειότερον
1335 1723 1520 1788 11με’ντοι
1565 1724 1753 1794 ἰπολλῷ

236 1810 360 1861 πάνυ
386 1815 479 1861 τῶν
507 1814 681 1873 ἰταμῶς
714 1808 1086 1871 πολιτευομένων
1111 1812 1218 1874 παρ’
1249 1810 1355 1872 ὑμῖν
1379 1808 1579 1871 ἐμαυτὸν
1604 1809 1748 1874 ἡγοῦ-
1767 1825 1804 1856 ²⁵

170 1920 221 1963 73
236 1919 336 1959 μαι.
380 1895 511 1948 ὅστις
537 1893 622 1958 μὲν
647 1892 753 1959 γὰρ,
782 1891 818 1942 ὦ
854 1893 1017 1957 ἄνδρες
1049 1893 1309 1956 Ἀθηναῖοι,
1339 1891 1549 1958 παριδὼν
1575 1890 1606 1942 ἃ
1630 1915 1747 1943 συν-

238 1981 356 2030 οίσει
394 1982 452 2046 τῇ
489 1978 640 2039 πόλει,
677 1978 831 2042 κρίνει,
869 1976 1068 2039 δημεύει,
1106 1977 1284 2037 δίδωσι,
1320 1981 1583 2042 κατηγορεῖ,
1619 1977 1748 2026 οὐδε-

235 2068 320 2132 μιᾷ
353 2064 479 2113 ταῦτ’
515 2060 734 2129 1(ἀνδρείᾳ
767 2065 904 2118 ποιεῖ,
941 2061 1051 2109 ἀλλ’
1085 2059 1204 2126 ἔχων
1243 2059 1459 2126 ἐνέχυρον
1490 2062 1573 2123 τῆς
1611 2061 1753 2110 αὑτοῦ

236 2147 472 2213 σωτηρίας
516 2144 570 2196 τὸ
607 2144 725 2211 πρὸς
769 2143 905 2211 χάριν
950 2145 1056 2207 ὑμῖν
1099 2144 1255 2208 λέγειν
1299 2145 1373 2193 καὶ
1417 2142 1751 2194 πολιτεύεσθαι
1771 2159 1842 2202 107

171 2255 225 2297 74
237 2233 474 2298 ἀσφαλῶς
518 2228 699 2294 θρασύς
742 2229 887 2277 ἐστιν·
948 2227 1081 2280 ὅστις
1124 2229 1160 2278 δ’
1209 2226 1323 2292 ὑπὲρ
1368 2232 1451 2277 τοῦ
1494 2228 1752 2286 βελτίστου

234 2312 399 2365 πολλὰ
436 2317 531 2366 τοῖς·
569 2311 819 2377 1ὑμετέροις
858 2312 1141 2361 ἐναντιοῦται
1179 2309 1470 2374 βουλήμασι,
1499 2312 1575 2360 καὶ
1605 2311 1750 2375 μηδὲν

292 2466 308 2481 Χ
329 2461 382 2493 καὶ
400 2460 466 2505 γάρ
486 2473 538 2492 τοι
560 2458 643 2493 S.Y.
665 2464 699 2492 et
719 2470 752 2503 p.
780 2468 864 2505 149,
892 2455 949 2491 18.
981 2456 1180 2502 Legebamr
1199 2458 1385 2502 τοιγάρτοι.
1528 2461 1547 2489 Y
1567 2456 1747 2502 γεγόνασι]

235 2514 386 2559 γίνονται
406 2513 448 2547 Α.
478 2512 653 2557 γίγνονται
675 2512 709 2545 S.
741 2516 762 2529 “
776 2512 908 2545 Eadem
930 2510 1109 2555 scriptura:
1129 2511 1309 2544 diversitas
1329 2523 1363 2556 p.
1384 2521 1470 2557 149,
1496 2508 1554 2543 18.
1597 2509 1750 2544 Praefero

235 2568 411 2612 γεγόνασι.
460 2565 563 2599 Couf.
593 2578 628 2610 p.
652 2563 714 2610 36,
740 2565 827 2599 20.'’
860 2563 1109 2598 SCHAEFER.
1266 2570 1282 2588 Ζ
1312 2564 1446 2597 πάντων
1467 2563 1501 2597 S.
1550 2562 1750 2608 Legebatur

234 2619 400 2653 ἁπάντων.
539 2623 558 2642 a
581 2621 615 2652 ἐκ
635 2619 671 2652 δὲ
691 2618 768 2664 τοῦ]
793 2618 939 2651 ἑκάστου
961 2617 996 2650 S.
1018 2624 1053 2651 et
1072 2631 1128 2663 γρ.
1152 2617 1190 2650 F.
1221 2617 1256 2650 εἰ(
1276 2618 1310 2651 δέ
1331 2629 1382 2662 pr.
1404 2617 1446 2650 Y.
1494 2616 1613 2650 Verba
1631 2621 1749 2650 autem

1880 2573 1882 2597 1

233 2673 539 2706 ἑκάστου-ταῦτα
570 2672 755 2716 στέρεσθαι
786 2672 822 2705 in
855 2683 965 2716 marg.
1000 2682 1079 2704 eum
1113 2684 1167 2716 γρ.
1202 2671 1307 2704 habet
1343 2670 1378 2704 S.
1411 2682 1431 2704 a
1463 2681 1509 2703 m.
1541 2669 1747 2703 recentiore.
1860 2545 1882 2754 ἱ(

231 2721 252 2750 b
273 2726 358 2769 ὑμᾶς
377 2737 446 2759 οῐη.
471 2725 505 2758 S.
528 2730 562 2758 et
578 2737 630 2770 pr.
651 2725 691 2759 F.
805 2730 820 2749 c
847 2727 951 2758 ταῦτα
972 2723 1157 2769 φέρεσθαι]
1183 2723 1311 2757 τούτων
1332 2724 1413 2767 (hoe
1433 2736 1453 2756 a
1472 2728 1666 2757 correctore
1689 2722 1746 2756 S.:
1880 2739 1881 2742 ¹

230 2790 313 2812 nam
333 2791 385 2824 pr.
408 2781 513 2811 ταῦτα
531 2778 613 2822 fuit)
635 2778 821 2823 στέρεσθαι
844 2778 879 2812 S.
898 2783 932 2811 et
951 2791 1008 2823 γρ.
1029 2777 1113 2811 B.F.
1143 2779 1265 2810 τοῦτον
1284 2778 1344 2810 τὸν
1358 2777 1486 2822 τρόπον
1505 2776 1547 2810 τὰ
1566 2776 1749 2821 πράγματα
1859 2758 1866 2851 ¹

230 2832 398 2876 φέρεσθαι
419 2837 471 2865 est
490 2843 524 2876 p.
548 2842 631 2877 149,
658 2842 731 2878 25„
753 2831 813 2865 ubi
832 2832 954 2864 τοῦτον
973 2832 1032 2864 τὸν
1052 2831 1180 2875 τρόπον
1199 2830 1466 2875 προσφέρεσθαι
1487 2829 1522 2863 S.
1623 2825 1642 2854 (Ῑ
1661 2830 1746 2874 βαρ·
1858 2852 1864 2880 1

228 2883 364 2929 βάροις]
381 2884 569 2929 βαρβάροις
588 2886 728 2930 γέγονεν
746 2884 912 2918 Y.O.u.V.
982 2889 998 2908 e
1017 2884 1078 2926 μὲν
1098 2895 1169 2917 om.
1194 2883 1228 2917 S.
1286 2880 1301 2907 f
1317 2884 1379 2926 μὲν
1399 2895 1468 2917 om.
1490 2881 1536 2916 Ο.
1603 2887 1622 2914 g
1641 2880 1742 2926 μήτε]
1866 2914 1868 2927 ›

229 2939 306 2970 οὕτε
328 2937 364 2970 S.
478 2936 491 2956 ’¹
513 2937 645 2983 μέντοι]
670 2939 704 2971 δὲ
727 2937 771 2971 Ο.
894 2934 904 2961 i
924 2936 1062 2983 πολλῷ]
1086 2938 1228 2969 πολλῶν
1248 2936 1329 2971 F.S.
1452 2932 1470 2959 k
1492 2935 1641 2980 ἀνδρεῖαι
1660 2934 1746 2968 A.F.
1856 2882 1863 3032 Ι

1854 3038 1860 3066 3
1878 3050 1879 3064 η

1851 3072 1882 3250 1}

231 2990 311 3025 ΞΥ.
344 2989 566 3024 Scribebatur
586 2990 714 3035 ἀνδοίᾳ.
861 2987 870 3014 l
893 2988 1081 3035 ὑμετέροις]
1106 2989 1278 3033 ἡμετέοοις
1305 2989 1343 3023 F.
