1903 3271
254 187 340 228 356
801 196 1228 234 AHMOEQENO'OE
1355 194 1437 234 On.
1463 193 1601 233 XIX.
1625 208 1666 248 p.
1683 206 1780 248 340,
1797 208 1836 233 2⁴
1899 206 1902 211 ·

256 304 347 338 κότα,
388 306 440 339 καὶ
468 304 533 349 ἅμα
561 309 833 353 συγκρουστικὸν
858 306 900 342 ἂν
926 307 974 352 εἵη
1000 310 1039 342 τὸ
1066 308 1171 352 νόημα
1198 309 1231 342 ἐκ
1258 309 1422 353 διαβολῆς
1447 310 1508 342 τοῦ
1536 322 1572 342 τε
1601 307 1771 343 ἀντιδίκου

256 367 308 400 καὶ
334 372 401 401 τῶν
427 372 625 416 συνηγόρων
650 372 764 412 αὐτοῦ,
786 369 857 406 οἷον
880 375 940 405 τοῦ
966 371 1148 414 Εὐβούλου
1174 372 1227 406 καὶ
1256 375 1322 406 τῶν
1347 373 1424 418 περὶ
1449 373 1562 407 αὐτόν·
1594 372 1645 406 ἀεὶ
1666 373 1732 418 ’γὰρ
1751 373 1769 406 ὁ
1785 385 1823 417 25

256 433 434 472 Εὔβουλος
461 433 618 478 ἐπολέμει
646 437 694 481 τῷ
719 434 930 478 Δημοσθένει
958 435 1025 469 ἀπὸ
1050 437 1109 478 τῆς
1137 435 1244 471 αἰτίας
1270 437 1328 480 τῆς
1357 437 1440 471 κατὰ
1462 435 1703 482 Ἀρίσταρχον,
1729 436 1774 472 ὡς

255 496 405 541 ἔγνωμεν
425 497 459 531 ἐν
478 501 526 545 τῷ
546 499 628 532 κατὰ
650 499 804 534 Μειδίου.

249 595 270 612 (Ι

274 590 438 666 ΟΣΗ
466 616 564 679 μὲν,
591 615 627 666 ὦ
654 617 817 683 ἄνδρες
847 619 1090 682 Ἀθηναῖοι,
1117 617 1304 682 σπουδὴ
1329 620 1434 684 περὶ
1461 619 1668 668 Ζτουτονὶ
1693 616 1776 667 τὸν
1787 640 1842 682 34
1889 618 1893 633 “

257 700 416 763 ἀγῶνα
468 702 542 750 καὶ
594 702 898 766 παραγγελία
945 701 1120 767 γε’γονε,
1166 700 1341 768 σχεδὸν
1385 699 1545 764 ξιοἶμαι
1596 700 1776 754 πάντας

258 784 374 845 ὑμᾶς
400 784 660 849 ᾐσθῆσθαι,
686 783 962 851 1)ἑορακότας
989 786 1094 851 ἄρτι
1129 786 1236 839 τοὺς
1262 786 1327 836 ὅτ’
1356 787 1644 852 ἐκληροῦσθε
1677 787 1776 836 ἐνο-

257 872 491 932 χλοῦντας
534 871 607 917 καὶ
652 868 1020 934 ⁰7rposrc6vras=
1020 868 1170 934 Ῑ.ὑμῖν
1233 870 1460 934 δεήσομαι
1500 868 1548 920 δὲ
1583 868 1805 925 πάντων5
1866 889 1889 940 f

258 951 398 1012 ὑμῶν,
446 947 476 1000 ἃ
520 953 595 1001 καὶ
644 956 739 1005 τοῖς
783 951 848 1016 μὴ
893 956 1097 1017 δεηθεῖσι
1142 952 1318 1005 δίκαιόν
1362 955 1493 1004 ἐστιν
1539 952 1776 1021 ὑπάρχειν,

256 1035 485 1097 μηδεμίαν
519 1035 633 1099 μήτε
670 1035 808 1103 χάριν
842 1036 947 1101 μήτ’
976 1037 1124 1103 ἄνδρα
1158 1042 1394 1088 ποιεῖσθαι
1425 1039 1530 1103 περὶ
1561 1038 1778 1090 πλείονος

256 1116 285 1180 ἦ
313 1118 367 1168 τὸ
394 1119 570 1170 δίκαιον
597 1123 672 1170 καὶ
704 1120 786 1171 τὸν
813 1120 953 1186 ὅρκον
980 1120 1034 1172 ὃν
1059 1121 1368 1185 εἰσελήλυθεν
1393 1122 1546 1184 θὺμῶν
1579 1121 1779 1174 ἕκαστος

258 1201 529 1266 ὀμωμοκὼς,
580 1202 971 1268 ῐένθυμουμένους
1023 1204 1094 1256 ὅτι
1144 1210 1292 1255 ταῦτα
1344 1205 1430 1268 μέν
1481 1206 1612 1256 ἐστιν
1663 1204 1778 1272 ὑπὲρ

258 1288 387 1350 ὑμῶν
414 1288 490 1337 καὶ
522 1286 636 1352 ὅλης
663 1291 746 1352 τῆς
771 1287 968 1351 πόλεως,
996 1293 1043 1340 αἱ
1079 1289 1126 1340 δὲ
1161 1294 1255 1340 τῶν
1289 1289 1608 1356 παρακλήτων
1643 1289 1776 1341 αὗται
1794 1315 1831 1337 ιο

257 1369 439 1434 δεήσεις
466 1373 542 1422 καὶ
568 1376 773 1423 σπουδαὶ
800 1377 894 1423 τῶν
920 1374 1077 1424 ἕὶδίων
1110 1373 1397 1442 πλεονεξιῶν
1424 1373 1555 1424 ἕνεκα
1580 1374 1774 1439 γίγνον-

257 1478 346 1516 ται,
381 1453 435 1508 ἃς
473 1455 548 1506 ἵνα
587 1457 788 1519 κωλύηθ’
818 1460 859 1507 οἱ
898 1456 1086 1521 νόμοιὴ
1102 1455 1399 1558 συνήγαγον
1417 1458 1548 1519 ὑμᾶς,
1582 1459 1670 1524 οὐχ
1704 1460 1780 1508 ἵνα

220 1541 418 1606 2κυρίας
453 1545 547 1594 τοῖς
583 1543 799 1592 ἀδικοῦσι
836 1545 1013 1606 ποιῆτε.
1069 1542 1176 1596 τοὺς
1214 1541 1299 1606 μὲν
1325 1542 1427 1592 ιοῦν
1453 1541 1698 1604 ἄλλους,”’
1673 1565 1780 1593 οσοι

257 1624 377 1690 πρὸς
408 1624 465 1675 τὰ
499 1625 629 1676 κοινὰ
663 1627 847 1680 δικαίως
882 1649 1241 1694 προσερχονται,
1269 1625 1355 1676 κᾶν
1381 1625 1630 1680 δεδωκότες
1658 1624 1829 1684 ὠσινι5

259 1709 465 1772 εὐθύνας,
493 1709 578 1774 τὴν
605 1712 844 1776 ἀειλογίαν
871 1712 964 1777 ὁρῶ
994 1710 1388 1777 προτεινομένους,
1416 1712 1597 1761 τουτονὶ
1626 1712 1666 1761 δ’
1697 1715 1781 1762 Αἱ-

260 1796 432 1862 σχίνην
467 1795 594 1846 πολὺ
631 1797 856 1846 τάναντία
894 1794 1104 1847 1(τούτου
1150 1798 1263 1861 πρὶν
1301 1794 1393 1860 γὰρ
1431 1793 1682 1846 1εἰσελθεῖν
1720 1799 1783 1850 εἷς

261 1881 380 1943 ὑμᾶς
406 1881 482 1930 καὶ
509 1877 658 1945 λόγον
685 1882 842 1931 δοῦναι
875 1885 968 1931 τῶν
994 1879 1338 1946 πεπραγμένων
1363 1877 1446 1929 τὸν
1471 1877 1556 1942 μὲν
1583 1879 1783 1947 ἀνῄρηκε

260 1967 354 2013 τῶν
393 1965 467 2014 ἐπὶ
506 1963 589 2016 τὰς
628 1964 819 2017 εὐθύνας
859 1963 1108 2027 ἐλθόντων,
1148 1968 1242 2017 τοῖς
1281 1966 1321 2013 δ’
1358 1964 1544 2014 ἀπειλεῖ
1579 1963 1781 2029 περιιὼν,

262 2045 526 2098 δεινότατον
561 2047 753 2099 πάντων
790 2048 893 2101 ε”θος
931 2053 993 2102 εἷς
1031 2047 1118 2111 τὴν
1151 2047 1393 2098 πολιτείαν
1428 2045 1634 2113 εἰσάγων
1668 2050 1782 2099 ῃοκαὶ
1886 2114 1887 2118 ¹

262 2132 674 2198 ἀσυμφορώτατον
702 2133 822 2195 ὑμῖν·
866 2136 902 2183 εὶ
929 2131 1024 2198 γὰρ
1051 2133 1075 2181 ὁ
1101 2130 1287 2200 πράξας
1314 2154 1358 2181 τι
1392 2135 1486 2182 τῶν
1512 2136 1678 2183 κοινῶν
1704 2133 1779 2183 καὶ
1793 2156 1834 2179 20
1884 2182 1899 2199 μ

263 2214 505 2279 διοικήσας
533 2220 634 2285 “τῷ
668 2221 773 2267 καθ’
802 2215 965 2268 ἑαυτὸν
992 2215 1132 2285 φόβῳ
1164 2219 1239 2266 καὶ
1277 2215 1341 2280 μὴ
1377 2220 1443 2285 τῷ
1477 2217 1637 2286 δικαίῳ
1663 2223 1775 2268 οκα-

262 2299 547 2351 τασκευάσει
593 2301 769 2364 μηδένα
812 2299 926 2352 εἶναι
971 2301 1232 2368 κατήγορον
1276 2302 1431 2363 αὐτοῦ,
1476 2300 1781 2353 παντάπασιν
1792 2321 1870 2365 342

263 2385 424 2450 ἄκυροι
449 2384 640 2435 πάντων
667 2387 792 2448 ὑμεῖς
819 2384 1098 2451 γενήσεσθε.

317 2573 335 2592 Ζ
355 2568 509 2614 τουτονὶ]
534 2570 656 2602 τοῦτον
676 2569 755 2603 Y.k.
914 2575 933 2594 a
952 2565 1044 2614 οἶμαι
1065 2569 1499 2608 F.S.Y.Q.O.k.r.s.t.u.v.
1530 2566 1642 2612 οἴομαι
1661 2568 1780 2614 vulgo.

1430 2630 1452 2649 σ

264 2650 283 2679 b
304 2656 481 2700 ἑορακότας
497 2655 538 2688 Y.
573 2655 796 2690 scribebatur
816 2657 1014 2701 ἑωρακότας.
1083 2662 1099 2681 0
1118 2655 1343 2701 προσιόντας]
1364 2656 1544 2701 προϊόντας
1561 2655 1597 2688 S.
1666 2651 1685 2679 d
1705 2654 1782 2698 ὑμῖν

264 2721 334 2742 om.
356 2721 409 2754 pr.
430 2713 456 2742 t.
551 2715 567 2733 6
588 2709 679 2753 ὑμῶν
700 2709 841 2744 ἕκαστος
862 2710 945 2745 S.Y.
976 2710 1120 2746 ἕκαστος
1139 2710 1230 2754 ὑμῶν
1249 2710 1367 2755 vulgo.
1462 2705 1478 2733 f
1494 2707 1776 2754 ἐνθυμουμένους]

264 2762 508 2806 ἐνθυμούμενος
527 2776 558 2797 v.
683 2769 704 2797 g
724 2762 816 2797 ἰδίων
836 2776 904 2798 om.
926 2777 978 2810 pr.
1003 2764 1085 2798 S.Y.
1213 2761 1227 2782 ¹¹
1249 2762 1460 2809 συνήγαγον]
1483 2776 1632 2808 συνηγον
1650 2773 1719 2796 rec.
1742 2761 1778 2796 S.

264 2813 274 2839 i
295 2815 354 2849 οὖν
373 2828 442 2850 om.
463 2817 498 2850 k.
694 2814 714 2841 k
735 2816 856 2851 τούτου
878 2818 1032 2852 F.S.Y.1·.
1074 2816 1203 2851 τούτων
1222 2818 1328 2863 vulgo
1348 2822 1382 2851 et
1402 2829 1524 2862 margo
1545 2817 1580 2851 S.
1603 2828 1624 2850 a
1641 2828 1688 2850 m.
1710 2827 1778 2850 sec.

265 2866 275 2893 l
295 2869 481 2915 εἰσελθεῖν]
505 2871 617 2905 ἐλθεῖν
638 2871 681 2905 Ο.
767 2877 797 2895 ¹1¹
819 2872 870 2906 καὶ
887 2871 1184 2917 ἀσυμφορώτατον
1204 2871 1280 2915 ὑμῖν
1299 2871 1366 2905 hoe
1384 2871 1462 2905 loco
1482 2870 1569 2904 A.B.
1589 2875 1625 2904 et
1644 2869 1780 2904 codices

266 2923 419 2957 Bekkeri
438 2930 498 2958 aut
518 2937 640 2959 omnes
660 2931 721 2959 aut
740 2925 918 2971 plerique:
949 2931 1030 2972 post
1048 2926 1124 2960 ἔθος
1143 2925 1262 2971 vulgo.
1348 2930 1367 2949 1¹
1387 2924 1452 2972 τῷ]
1475 2925 1515 2959 τὸ
1536 2936 1564 2959 s.
1640 2929 1658 2949 0
1679 2937 1777 2957 κατα-

266 2976 442 3022 σκευάσει]
468 2980 717 3013 κατασκευάσοι
738 2979 861 3014 O.k.u.
