1882 3250
268 141 324 182 16
809 146 1237 185 ΔΗΜΟΣΘΕΝΟΎΣ
1548 148 1632 189 On.
1659 149 1694 188 I.
1717 164 1757 203 p.
1778 162 1840 205 13,

205 265 253 307 17
342 255 414 306 Τὸ
450 254 535 319 μὲν
569 255 650 305 οὖν
686 256 900 318 ἐπιτιμᾶν
935 256 1051 310 ἴσως
1082 257 1236 325 φήσαι
1277 281 1345 313 τις
1385 258 1472 310 Κᾶν
1515 259 1677 329 ῥᾴδιον
1708 265 1784 313 καὶ

264 338 442 393 παντὸς
480 337 609 396 εἶναι,
638 338 692 389 τὸ
719 340 757 388 δ’
785 338 898 405 ὑπὲρ
936 345 1030 390 τῶν
1054 340 1304 406 παρόντων
1331 341 1355 392 ὅ
1381 364 1426 392 τι
1462 346 1532 393 δεῖ
1563 343 1785 409 πράττειν

265 424 633 493 ἀποφαίνεσθαι,
662 425 784 473 τοῦτ’
812 421 926 473 εἶναι
963 423 1256 485 συμβούλου.
1299 425 1392 490 ἐγὼ
1427 424 1475 496 δὲ
1510 428 1593 477 οὐκ
1628 430 1785 492 ἀγνοῶ
1880 458 1882 475 ι

262 504 367 569 μὲν,
388 502 425 555 ὦ
446 505 610 571 ἄνδρες
632 508 891 569 Ἀθηναῖοι,
919 507 1063 568 τοῦθ’,
1090 506 1161 557 ὅτι
1186 507 1422 562 πολλάκις
1449 509 1573 571 ὑμεῖς
1599 510 1653 560 οὑ
1680 509 1786 565 τοὺς
1800 534 1851 575 14

264 589 451 647 αἰτίους,
479 587 612 640 ἀλλὰ
638 588 745 641 τοὺς
785 589 1016 643 ὑστάτους
1050 592 1154 656 περὶ
1185 594 1279 640 τῶν
1304 591 1598 657 πραγμάτων
1625 592 1780 644 εἶπόν-

254 694 346 726 ’τας
383 674 433 723 ἐν
470 673 589 740 ὀργῇ
627 677 855 738 ποιεῖσθε,
890 674 947 725 ἄν
985 697 1029 724 τι
1061 673 1126 738 μὴ
1168 674 1287 725 κατὰ
1321 675 1514 740 γνώμην
1555 677 1690 744 ἐκβῇ·
1731 679 1786 728 οὐ

262 754 358 820 μὴν
394 753 540 819 Ῑοῖμαι
575 758 668 807 δεῖν
704 755 790 821 τὴν
829 758 948 808 ἰδίαν
974 756 1248 826 ἀσφάλειαν
1272 762 1527 809 σκοποῦνθ’
1557 759 1779 810 ὑποστεί-
1869 819 1871 827 y

202 849 252 888 18
263 842 446 889 λασθαι
488 842 594 906 περὶ
636 837 702 890 ὧν
745 841 894 904 ωὑμῖν
934 841 1194 910 συμφέρειν
1235 842 1448 907 ἡγοῦμαι.
1501 845 1651 910 ι’φημὶ
1701 843 1811 907 Οδὴ5
1867 854 1869 905 j

261 924 370 988 διχῇ
410 923 671 987 βοηθητέον
715 922 831 974 εἶναι
874 929 970 977 τοῖς
1008 924 1289 990 πράγμασιν
1334 927 1455 989 ὑμῖν,
1499 931 1565 995 τῷ
1607 948 1658 977 τε
1700 925 1785 981 τὰς
1867 930 1869 939 ⁴

261 1005 452 1059 Ρπόλεις
495 1010 593 1060 τοῖς
633 1008 906 1060 Ὀλυνθίοις
946 1007 1113 1074 σώζειν
1155 1010 1256 1058 ’ἱκαὶ
1299 1008 1428 1062 Γτοὺς
1466 1015 1605 1060 τοῦτο
1643 1009 1780 1074 ποιή-

260 1111 437 1143 σοντας
462 1090 760 1157 στρατιώτας
796 1091 1066 1156 ἐκπέμπειν,
1096 1094 1171 1143 καὶ
1202 1096 1268 1162 τῷ
1302 1091 1388 1157 τὴν
1423 1094 1595 1145 ἐκείνου
1625 1095 1785 1162 χώραν

260 1179 414 1228 κακῶς
455 1179 603 1226 ποιεῖν
646 1177 723 1226 καὶ
763 1175 975 1244 τριήρεσι
1026 1177 1102 1227 καὶ
1143 1177 1455 1243 στρατιώταις
1505 1177 1687 1245 ἑτέροις·
1746 1183 1784 1230 εἰ

259 1257 311 1309 δὲ
345 1258 541 1325 θατερου
575 1258 754 1311 τούτων
786 1259 1123 1327 ὀλιγωρήσετε,
1167 1262 1287 1311 ὀκνῶ
1328 1260 1393 1326 μὴ
1428 1260 1623 1325 μάταιος
1654 1265 1783 1325 5ὑμῖν
1796 1291 1834 1313 ιο
1857 1283 1877 1299 ν·

197 1343 289 1407 19ἠ
330 1344 579 1410 ἵστρατεία
615 1343 821 1410 γένηται.
864 1343 952 1395 ε’ίτε
989 1343 1082 1411 γὰρ
1127 1347 1256 1408 ὑμῶν
1295 1343 1380 1409 τὴν
1419 1346 1591 1397 ἐκείνου
1630 1352 1784 1401 κακῶς

257 1426 520 1479 ποιούντων
558 1428 809 1492 ὑπομείνας
847 1434 985 1479 τοῦτο
1013 1427 1264 1480 ”Ολυνθον
1289 1429 1664 1495 παραστήσεται,
1690 1433 1779 1500 ῥᾳ-

261 1512 371 1567 δίως
389 1514 464 1564 ἐπὶ
491 1511 578 1576 τὴν
602 1513 804 1563 “οἶκείαν
828 1511 983 1564 ἐλθὼν
1009 1515 1290 1578 Χοἰμυνεῖται·
1323 1513 1411 1564 εἴτε
1437 1513 1783 1578 βοηθησάντων

259 1594 407 1660 μόνον
433 1598 562 1661 ὑμῶν
586 1600 651 1651 εἷς
675 1594 925 1648 ”Ολυνθον
951 1597 1203 1650 ἀκινδύνως
1229 1599 1352 1663 ὁρῶν
1381 1596 1549 1664 ἔχοντα
1583 1596 1643 1649 τὰ
1669 1597 1783 1649 οἴκοι

258 1683 651 1747 προσκαθεδεῖται
694 1681 771 1730 καὶ
815 1679 1156 1747 προσεδρεύσει
1199 1683 1294 1733 τοῖς
1337 1678 1604 1744 πράγμασι,
1643 1703 1775 1747 περι·
1795 1701 1830 1735 15
1856 1705 1858 1718 ³

259 1764 396 1814 ε’σται
421 1767 488 1832 τῷ
514 1762 668 1833 χρόνῳ
702 1767 797 1814 τῶν
821 1763 1246 1830 πολιορκουμένων.
1290 1766 1362 1814 δεῖ
1382 1761 1464 1827 Υδὴ
1488 1762 1680 1829 πολλὴν
1704 1766 1782 1816 καὶ

260 1848 368 1914 διχῇ
393 1846 480 1911 τὴν
504 1846 728 1911 βοήθειαν
753 1844 882 1899 εἶναι.

193 1954 246 1984 20
336 1933 431 1982 Καὶ
454 1933 561 1998 περὶ
585 1931 671 1996 μὲν
707 1935 787 1996 τῆς
824 1932 1046 1996 βοηθείας
1085 1938 1233 1982 ταῦτα
1264 1932 1560 1998 Ζγιγνώσκω·
1599 1934 1706 1998 περὶ
1732 1931 1781 1983 δὲ

257 2014 512 2083 χρημάτων
552 2015 721 2083 πόρου,
769 2015 917 2074 ἔστιν,
960 2013 998 2066 ὦ
1046 2015 1210 2082 ἄνδρες
1251 2019 1508 2080 Ἀθηναῖοι,
1560 2015 1781 2083 χρήματα

313 2152 337 2181 k
357 2153 397 2190 ἂν
417 2168 487 2190 om.
507 2156 550 2191 Y.
645 2154 652 2177 ¹
669 2153 775 2200 οἶμαι,
795 2156 830 2190 in
852 2168 922 2202 quo
941 2156 1021 2190 libri
1041 2167 1163 2191 omnes
1183 2157 1419 2197 consentiunt,
1442 2156 1479 2190 in
1498 2155 1613 2200 οἴομαι
1631 2156 1781 2191 mutavit

259 2208 436 2250 Reiskius,
457 2210 518 2255 qui
537 2210 685 2244 eandem
704 2210 854 2244 formam
875 2210 956 2243 alibi
984 2222 1057 2244 non
1086 2222 1164 2244 raro
1184 2210 1289 2244 tacite
1313 2210 1449 2244 invexit
1469 2215 1592 2244 eontra
1610 2210 1780 2245 librorum

256 2263 374 2303 fidem,
395 2263 625 2309 fraudemque
644 2263 727 2297 feeit
744 2263 999 2297 recentioribus
1019 2263 1211 2297 editoribus
1228 2264 1272 2297 ad
1287 2264 1447 2297 codicum
1467 2275 1612 2297 suorum
1628 2263 1779 2309 scriptu-

256 2328 332 2350 ram
351 2328 424 2350 non
444 2317 720 2351 attendentibus.
749 2332 788 2363 γε
809 2323 890 2362 post
910 2313 1002 2361 οἶμαι
1020 2317 1127 2362 vulgo
1147 2317 1305 2351 additum
1326 2329 1395 2351 om.
1416 2317 1565 2351 codices.
1639 2322 1669 2341 m
1683 2316 1776 2363 ὑμῖν]

256 2368 335 2413 ἡμῖν
354 2370 396 2404 Y.
493 2374 508 2390 ¹¹
530 2370 635 2416 φημὶ]
664 2370 721 2404 Sic
738 2375 775 2404 et
796 2369 839 2404 B.
860 2370 897 2403 in
916 2375 1027 2410 texto,
1049 2371 1110 2404 sed
1130 2382 1234 2415 super
1253 2372 1271 2413 ἦ
1293 2370 1463 2416 scriptum
1483 2376 1537 2404 est
1555 2371 1589 2404 ἃ.
1613 2370 1777 2406 REISK.
1841 2371 1846 2386 ¹

257 2422 340 2457 Non
361 2424 392 2464 ἃ,
413 2423 475 2457 sed
493 2423 525 2458 ά.
574 2424 735 2458 Eandem
762 2423 971 2469 scripturam
991 2423 1156 2458 Reiskius
1175 2429 1344 2458 annotare
1373 2423 1547 2470 potuisset
1574 2436 1609 2470 p.
1634 2434 1652 2458 2
1656 2431 1694 2471 5,
1717 2431 1779 2471 27.

257 2518 319 2553 ubi
338 2520 449 2554 codex
468 2520 600 2565 pariter
620 2488 721 2565 φῗΊμὶ.
756 2520 822 2554 Est
840 2531 923 2554 vero
942 2520 1030 2554 illud
1046 2520 1066 2553 ά
1086 2520 1174 2554 nihil
1193 2520 1288 2554 aliud
1307 2532 1412 2566 quam
1431 2532 1600 2555 numerus
1620 2520 1781 2554 scholion

256 2573 294 2607 in
314 2573 471 2619 margine
491 2573 647 2619 positum
666 2579 878 2608 monstrans.
1010 2579 1028 2598 o
1049 2573 1106 2619 δὴ]
1133 2572 1161 2607 δ’
1181 2572 1241 2607 οὖν
1260 2574 1304 2609 Υ.
1334 2573 1405 2607 δεῖν
1424 2585 1459 2608 u.
1599 2579 1619 2607 P
1639 2573 1775 2620 πόλεις]

257 2625 369 2661 πύλας
387 2638 419 2661 v.
576 2634 596 2663 q
614 2627 669 2660 καὶ
688 2627 724 2660 in
744 2639 864 2661 rasma
883 2627 989 2662 habet
1009 2627 1047 2661 S.
1068 2639 1089 2660 a
1104 2639 1151 2661 m.
1171 2627 1422 2662 recentissima.
1578 2633 1593 2653 1·
1611 2626 1708 2673 τοὺς]
1732 2629 1781 2675 τῷ
1839 2668 1843 2680 Ι

256 2679 337 2716 τοὺς
355 2680 398 2714 Y.
564 2685 577 2701 ⁸
605 2680 701 2727 ὑμῖν]
727 2680 804 2724 ἡμῖν
821 2681 940 2727 vulgo.
995 2680 1202 2715 Correetum
1223 2693 1266 2715 ex
1286 2681 1363 2716 cod.
1385 2681 1496 2715 Paris.
1517 2692 1573 2726 ap.
1596 2680 1723 2714 Morel.
1744 2685 1779 2715 et
1840 2689 1843 2724 ξ

1123 2744 1148 2762 Εί

255 2775 350 2821 Aug.
371 2788 440 2811 Sec.
462 2789 517 2823 ap.
540 2777 662 2812 Reisk.
785 2777 795 2798 t
813 2777 995 2823 στρατεία]
1020 2778 1167 2823 στρατιὰ
1187 2777 1223 2812 S.
1253 2778 1397 2823 στρατιὰ
1418 2776 1504 2811 B.F.
1592 2782 1614 2802 Π
1634 2775 1773 2822 οἰκείαν]

256 2829 362 2862 οἰκίαν
382 2829 468 2865 B.F.
556 2836 573 2852 x
593 2830 783 2875 ἀμυνεῖται]
808 2829 968 2874 ἀμύνεται
987 2843 1038 2877 pr.
1061 2831 1098 2865 S.
1186 2836 1202 2860 )’
1223 2830 1281 2877 δὴ]
1308 2831 1344 2865 δέ
1365 2830 1449 2864 B.F.
1538 2835 1552 2851 Ζ
1574 2828 1772 2876 γιγνώσκω]

254 2883 413 2928 γινώσκω
432 2883 521 2917 A.B.
572 2883 630 2917 Sic
648 2884 756 2918 etiam
781 2884 816 2917 S.
838 2884 897 2929 qui
928 2884 996 2917 hoe
1021 2885 1167 2918 verbum
1187 2890 1222 2919 et
1249 2884 1409 2930 γίγνομαι
1437 2882 1627 2929 saepissime
1647 2882 1777 2917 omisso

256 2936 368 2970 altero
387 2950 410 2981 γ
430 2937 600 2982 scriptum
622 2937 774 2972 exhibet.
804 2937 939 2972 Eadem
957 2937 1030 2972 fere
1049 2939 1199 2974 aliorum
1219 2938 1378 2973 codicum
1397 2937 1499 2972 ratio.
1528 2936 1583 2971 De
1602 2947 1673 2982 quo
1691 2935 1776 2971 satis
1814 2946 1816 2948 ’

255 2989 428 3024 habemus
447 2990 503 3025 hic
523 2990 559 3024 in
579 2990 781 3026 universum
800 2991 991 3027 monuisse.
