1930 3266
79 196 173 238 292,
191 199 241 225 ισ.
591 190 719 228 ΠΕΡΙ
748 189 859 228 ΤΟΎ
888 189 1195 227 ΣΤΕΦΑΝΟΤ.
1563 184 1646 223 305

139 302 311 361 σθεῖσι,
344 302 402 366 τῇ
435 299 566 367 τύχῃ,
593 305 735 353 ωτοῖς
772 304 958 365 καιροῖς,
985 302 1051 366 τῷ
1087 296 1376 365 βουλομένῳ·
1414 297 1439 345 ὁ
1478 295 1526 346 δὲ
1559 317 1636 345 σι·
1658 313 1698 335 20

137 380 294 446 γήσας
331 382 446 445 ἡνίκ’
486 383 574 433 ε”δει
613 383 780 448 λέγειν,
821 383 879 433 ἄν
919 405 963 433 τι
1009 381 1244 432 δύσκολον
1282 383 1460 446 συμβῇ,
1505 384 1642 428 τοῦτο

43 466 428 526 242“βασκαι’νει.
470 464 528 528 ἧν
553 465 637 529 μὲν
663 467 757 529 οὖν,
783 465 897 531 ὅπερ
931 463 1073 526 εἶπον,
1100 466 1268 516 ἐκεῖνος
1303 464 1328 513 ὁ
1365 460 1523 527 καιρὸς
1560 467 1642 511 τοῦ

134 554 153 574 ⁰
170 570 225 612 γε
251 548 576 616 φροντίζοντος
602 548 770 615 ἀνδρὸς
795 552 877 612 τῆς
907 547 1091 600 πόλεως
1116 549 1192 597 καὶ
1217 551 1310 597 τῶν
1337 546 1524 596 δικαίων
1550 543 1638 594 λό-

132 649 246 696 γων·
289 630 380 696 ἐγὼ
407 630 455 681 δὲ
481 631 718 695 τοσαύτην
745 630 1014 698 ὑπερβολὴν
1047 636 1284 693 ποιοῦμαι,
1314 629 1438 679 ὥστε
1475 625 1532 678 ἂν
1560 632 1641 678 νῦν

130 714 213 781 ε”χῃ
250 736 320 767 τις
362 714 512 783 δεῖξαί
550 722 627 765 Ι’τι
667 715 871 777 βέλτιον,
910 713 976 779 Ἷῆ
1016 713 1137 767 ὅλως
1182 713 1224 763 εἴ
1258 720 1333 763 Γτι
1369 712 1495 762 ἄλλο
1534 712 1640 774 ἐνῆν
1655 727 1692 757 25

129 796 258 861 πλὴν
284 795 348 848 ὧν
381 799 473 863 ἐγὼ
499 797 803 865 προειλόμην,
829 800 1000 848 ἀδικεῖν
1034 798 1272 861 ὁμολογῶ.
1316 800 1352 845 εἰ
1378 794 1472 860 γὰρ
1510 795 1638 845 8ἔσθ’

129 881 155 932 ὅ
179 904 224 932 τι
249 904 318 934 τις
345 887 427 932 νῦν
446 882 461 908 t
477 880 677 948 ἑόρακεν,
699 880 724 931 ὃ
750 880 1034 947 συνήνεγκεν
1054 878 1111 931 ἂν
1137 879 1242 930 τότε
1267 879 1491 946 πραχθὲν,
1511 883 1637 930 τοῦτ’

127 965 219 1031 ἐγώ
246 970 369 1033 φημι
395 969 488 1016 δεῖν
508 964 586 1029 ἐμὲ
610 964 675 1028 μὴ
702 969 877 1016 λαθεῖν.
917 969 954 1015 εὶ
981 963 1029 1015 δὲ
1053 963 1161 1027 μήτ’
1183 963 1286 1014 ἔστι
1305 962 1420 1026 μήτε
1446 962 1504 1026 ἧν
1530 963 1635 1028 μήτ’

126 1047 184 1099 ἂν
222 1053 364 1100 εἰπεῖν
399 1048 496 1115 ε”χοι
530 1050 688 1112 μηδεὶς
725 1048 916 1112 μηδέπω
957 1050 1032 1098 καὶ
1065 1047 1279 1113 τήμερον,
1305 1048 1353 1098 τί
1386 1047 1468 1098 τὸν
1505 1047 1630 1111 σύμ·
1652 1067 1732 1108 292

124 1137 302 1193 βουλον
334 1134 475 1199 ἐχρῆν
509 1136 655 1183 ποιεῖν
679 1154 690 1193 ;
735 1133 789 1182 οὐ
813 1136 907 1182 τῶν
935 1132 1226 1200 φαινομένων
1252 1133 1326 1181 καὶ
1353 1129 1551 1181 ἐνόντων
1576 1130 1636 1182 τὰ

34 1232 110 1275 243
125 1214 355 1282 κράτιστα
392 1216 618 1277 ἑλέσθαι,
663 1221 800 1266 τοῦτο
838 1216 993 1265 τοίνυν
1018 1216 1219 1278 ἐποίησα
1255 1214 1397 1280 “ε’γω,
1424 1220 1506 1265 τοῦ
1546 1214 1628 1278 κή-

121 1322 258 1366 ρυκος
296 1301 571 1365 ἐρωτῶντος,
603 1300 821 1366 Αἰσχίνη,
849 1306 875 1327 “
892 1300 960 1352 τίς
999 1298 1236 1364 ἀγορεύειν
1273 1297 1537 1359 βούλεται,”
1578 1299 1632 1348 οὐ

122 1391 148 1412 “
174 1383 243 1436 τίς
281 1386 555 1433 Χαῖτιᾶσθαι
596 1385 702 1448 περὶ
747 1387 840 1433 τῶν
880 1380 1321 1447 παρεληλυθότων,”
1371 1381 1474 1432 οὐδὲ
1520 1382 1663 1435 “τίς5

122 1474 149 1496 “
174 1468 435 1532 ἐγγυᾶσθαι
475 1465 534 1517 τὰ
571 1467 791 1529 μέλλοντ’
833 1466 1069 1516 ἑσεσθαι.”
1110 1471 1201 1515 σοῦ
1236 1466 1272 1514 δ’
1307 1466 1499 1532 ἀφώνου
1532 1461 1628 1515 κατ’

119 1549 316 1602 ἐκείνους
344 1550 452 1601 τοὺς
489 1547 684 1615 χρόνους
718 1550 767 1599 ἐν
806 1553 906 1602 ταῖς
944 1548 1214 1612 ἐκκλησίαις
1244 1548 1505 1611 καθημένου
1540 1547 1632 1613 ἐγὼ

120 1630 328 1697 Υπαριών
362 1632 543 1697 ἔλεγον.
586 1631 739 1696 ἐπειδὴ
785 1635 825 1682 δ’
868 1633 920 1682 οὐ
965 1630 1083 1693 τότε,
1121 1630 1252 1681 ἀλλὰ
1302 1637 1417 1681 Ζνῦν
1459 1631 1626 1699 δεῖξον.

119 1713 215 1765 εἰπὲ
239 1716 308 1768 τίς
343 1714 372 1778 ἢ
399 1714 558 1780 λόγος,
585 1715 721 1765 ὅντιν’
750 1717 890 1782 ἐχρῆν
921 1717 1106 1780 ἃεὺρεῖν,
1134 1714 1162 1779 ὴ
1191 1714 1347 1780 καιρὸς
1373 1715 1632 1783 συμφέρων

117 1795 229 1848 1’ὑπ’
277 1799 388 1860 ἐμοῦ
437 1798 733 1865 παρελείφθη
783 1802 842 1864 τῇ
889 1797 1061 1859 πόλει;
1117 1799 1186 1851 τίς
1237 1798 1284 1848 δὲ
1336 1800 1626 1865 εσυμμαχία,
1646 1831 1684 1854 10

118 1878 187 1932 τίς
211 1880 395 1948 πρᾶξις,
423 1882 493 1949 ἐφ’
522 1879 581 1944 ἦν
607 1878 625 1906 ‘³
633 1885 823 1944 μᾶλλον
849 1881 938 1930 ἔδει
964 1903 1020 1944 με
1047 1883 1240 1946 ἀγαγεῖν
1265 1884 1544 1944 Θτουτουσί,

27 1974 108 2016 244
190 1962 352 2013 Ἀλλὰ
390 1962 483 2027 μὴν
526 1962 579 2014 τὸ
629 1961 732 2026 Ῐμὲν
775 1964 1106 2030 παρεληλυθὸς
1155 1967 1224 2015 ἀεὶ
1274 1964 1430 2031 ἕπαρά
1481 1971 1630 2016 πᾶσιν

944 2046 1252 2114 ὴπροτίθησιν
1278 2049 1483 2111 οὐδαμοῦ
1507 2054 1623 2109 βου-

117 2047 317 2114 ἀφεῖται,
343 2047 419 2096 καὶ
445 2047 588 2100 οὐδεὶς
614 2049 720 2113 περὶ
745 2046 912 2097 τούτου

115 2127 223 2192 λήν·
266 2128 341 2180 ίτὸ
367 2129 416 2180 δὲ
440 2129 621 2194 με’λλον
647 2129 676 2195 ὴ
703 2130 757 2181 τὸ
783 2130 935 2197 παρὸν
960 2131 1046 2196 τὴν
1076 2138 1158 2183 τοῦ
1184 2133 1466 2195 συμβούλου
1490 2133 1627 2202 τάξιν

114 2215 312 2264 ἀπαιτεῖ.
354 2212 459 2264 τότε
497 2215 652 2264 τοίνυν
677 2213 736 2265 τὰ
765 2213 851 2278 μὲν
877 2215 1097 2279 ἤμελλεν,
1126 2218 1188 2269 ὡς
1226 2215 1382 2278 ἐδόκει,
1408 2221 1502 2266 τῶν
1528 2220 1619 2267 δει-
1640 2243 1674 2275 ¹5

115 2301 219 2360 νῶν,
245 2296 305 2348 τὰ
337 2297 376 2348 δ’
405 2298 493 2361 ἤδη
530 2300 699 2364 παρῆν,
727 2299 776 2348 ἐν
810 2297 876 2352 οἷς
913 2299 1000 2362 τὴν
1035 2300 1311 2365 προαίρεσίν
1339 2322 1429 2363 μου
1456 2299 1625 2352 σκόπει

167 2495 198 2515 m
217 2492 288 2526 τοῖς
306 2491 448 2537 καιροῖς]
471 2495 530 2527 τῶι
551 2495 666 2538 καιρῶι
689 2493 723 2526 S.
850 2498 869 2516 Π
888 2491 1083 2538 βασκαίνει]
1106 2492 1302 2533 βασκαίνειν
1322 2494 1356 2527 k.
1468 2499 1486 2517 0
1505 2494 1561 2540 γε]
1586 2508 1622 2528 τε

111 2543 227 2578 A.k.s.
249 2555 320 2578 om.
340 2544 460 2580 O.u.V.
604 2551 623 2579 Ρ
642 2559 674 2579 τι
694 2551 775 2580 ante
796 2545 902 2589 δεῖξαι
921 2546 1021 2591 ponit
1042 2546 1087 2584 Q.
1110 2557 1180 2580 om.
1203 2547 1317 2580 A.k.s.
1456 2552 1475 2579 q
1495 2546 1512 2589 ἢ
1534 2547 1623 2582 ὅλως

112 2603 287 2631 correctus
309 2597 344 2631 S.
455 2605 469 2625 ¹·
488 2613 521 2632 τι
541 2610 611 2633 om.
628 2598 749 2633 ΟΜΝ.
854 2603 868 2622 ⁵
888 2599 980 2644 ἔσθ’]
1005 2599 1101 2633 ἐστιν
1120 2599 1162 2633 Α.
1274 2598 1288 2624 t
1308 2599 1459 2645 ἑόρακεν]
1486 2599 1621 2634 Scribe-

111 2649 213 2685 batur
233 2651 387 2696 ἑώρακεν.
515 2658 535 2678 ⁰
556 2652 623 2697 ἐγὼ
644 2664 714 2686 om.
738 2651 1027 2690 S.Y.Q.O.t.u.v.
1143 2657 1162 2677 Χ
1183 2652 1373 2697 αἰτιᾶσθαι]
1399 2652 1620 2687 αἰτιάσασθαι

112 2719 396 2765 F.Y.Q.O.p.t.u.
507 2726 526 2754 Y
545 2723 675 2767 παριὼν
694 2722 836 2756 A.k.r.s.
867 2711 991 2767 περίων
1013 2722 1047 2756 S.
1078 2721 1258 2767 παρελθὼν
1278 2722 1394 2755 ceteri.
1503 2727 1520 2746 Ζ
1539 2721 1614 2768 νῦν]

110 2806 181 2839 νυνὶ
198 2806 234 2841 k.
354 2813 373 2832 8
392 2807 517 2853 εὑρεῖν]
540 2809 694 2854 εὐπορεῖν
715 2808 752 2842 S.
877 2805 896 2833 b
918 2808 990 2854 ὑπ’]
1012 2791 1089 2851 ἕζβ
1106 2809 1143 2842 k.
1273 2813 1289 2833 C
1309 2807 1504 2853 συμμαχία]
1527 2822 1615 2852 συμ-

109 2859 213 2903 μαχία
231 2858 250 2902 ἢ
270 2860 306 2894 k.
418 2857 436 2885 d
455 2863 588 2905 μᾶλλον
607 2874 677 2896 om.
698 2861 741 2896 Y.
854 2867 870 2886 e
890 2860 1068 2905 τουτουσί]
1090 2862 1272 2895 τουτουσίν
1292 2861 1410 2896 O.u.v.
1527 2860 1618 2905 1’μέν

110 2923 181 2947 om.
201 2924 236 2957 p.
347 2919 368 2947 g
386 2914 476 2959 παρὰ
495 2914 617 2960 πᾶσιν]
642 2913 718 2959 παρ’
739 2914 868 2948 ἅπασιν
887 2916 929 2948 Α.
1041 2911 1060 2938 h
1086 2913 1307 2960 προτίθησιν]
1331 2913 1561 2961 προστίθησιν
1580 2916 1615 2950 k.

109 2961 120 2988 ἰ
139 2965 178 2998 τὸ
197 2964 249 3011 δὲ]
272 2979 349 3000 τοτε
368 2978 419 3012 pr.
442 2967 476 3002 S.

169 3039 261 3066 VOL.
277 3040 309 3067 l.
843 3043 865 3067 R
891 3043 910 3067 Γ
