1930 3266
255 184 342 223 248
798 182 1224 221 ΔΗΜΟΣΘΕΝΟΎΣ
1336 178 1417 217 On.
1441 176 1624 217 XVIII.
1650 191 1689 231 p.
1713 178 1805 230 236,
1825 194 1842 218 ⁵

257 295 361 346 1)καὶ
388 299 508 348 θεοῖς
545 297 726 362 ἐχθρῶν
753 300 962 345 τοιοῦτον
987 292 1181 357 ἐγένετο·
1223 290 1335 356 ὑπὲρ
1373 290 1426 340 οὗ
1460 291 1535 340 καὶ
1561 288 1666 339 τότε
1701 291 1807 340 καῖ5

261 385 343 430 νῦν
384 381 460 429 καὶ
503 380 571 429 ἀεὶ
608 380 830 443 ὁμολογῶ
872 385 887 403 ⁰
904 379 1127 438 πολεμεῖν
1172 377 1247 424 καὶ
1291 372 1598 441 διαφέρεσθαι
1638 370 1656 398 ‘¹
1674 372 1779 423 τού-

260 485 370 516 τοις.
411 463 566 528 ἕτερον
594 463 630 512 δ’
660 460 791 515 εὐθὺς
816 460 987 529 ἐφεξῆς
1014 460 1079 509 ε”τι
1104 457 1270 508 τούτου
1297 456 1450 522 μεῖζον
1476 456 1779 521 κακούργημα

193 570 250 608 40
265 546 522 598 θεάσασθε.
565 545 720 609 ἐπειδὴ
740 544 832 611 γὰρ
856 542 1165 608 θὼμολόγησε
1185 541 1271 606 τὴν
1291 540 1475 607 εἰρήνην
1502 539 1546 590 ff)
1572 541 1781 590 ἓΦίλιπ-

263 653 352 683 πος
379 628 669 695 ΙἸπρολαβὼν
695 627 781 691 τὴν
809 626 1005 695 Θρᾴκην
1032 624 1108 676 διὰ
1133 624 1343 678 ἱτούτους
1373 625 1475 690 οὐχὶ
1501 623 1781 676 πεισθέντας

264 718 331 783 τῷ
369 715 463 782 ε’μῲ
501 712 797 781 ψηφίσματι,
829 710 976 761 πάλιν
1015 711 1195 759 ὠνεῖται
1229 708 1339 774 παρ’
1369 709 1522 758 αὐτῶν
1556 706 1681 760 ὅπως
1715 704 1781 770 μὴ
1799 731 1836 752 ιο

265 796 284 823 k

999 791 1053 819 10⁸!

303 798 510 859 ἀπίωμεν
549 798 597 845 ἐκ
639 794 950 851 Μακεδονίας,
1026 816 1109 846 εως
1149 791 1209 842 τὰ
1246 795 1328 855 τῆς
1364 798 1394 817 ¹¹¹
1412 791 1660 857 στρατείας
1702 793 1785 854 τῆς

265 882 339 931 ἐπὶ
367 879 473 932 τοὺς
501 878 691 931 Φωκέας
731 878 927 943 εὐτρεπῆ
966 874 1232 940 ποιήσαιτο,
1259 875 1335 925 ἵνα
1369 873 1448 938 μὴ,
1475 875 1593 940 δεῦρ’
1623 876 1779 939 ἀπαγ-

265 961 527 1029 γειλάντων
579 970 596 988 ¹¹
617 962 748 1025 ἡμῶν
793 960 864 1011 ὅτι
903 961 1071 1023 με’λλει
1115 961 1190 1009 καὶ
1239 957 1640 1024 παρασκευάζεται
1689 979 1779 1008 πο·-

265 1047 497 1114 ρεύεσθαι,
525 1046 759 1114 ἐξέλθοιτε
799 1046 924 1107 ὑμεῖς
964 1046 1039 1094 καὶ
1073 1043 1473 1109 περιπλεύσαντες
1511 1046 1611 1095 ταῖς
1648 1039 1779 1107 τριή-
1801 1060 1834 1092 ¹5
1885 1033 1888 1035 v

266 1156 400 1199 ρεσιν
427 1139 445 1159 ⁰
463 1136 524 1185 εἰς
553 1131 721 1184 Πύλας
748 1129 912 1196 ὥσπερ
937 1127 1167 1195 πρότερον
1193 1136 1211 1163 Ρ
1230 1129 1468 1178 κλείσαιτε
1495 1126 1577 1177 τὸν
1603 1134 1623 1161 ‘¹
1638 1130 1787 1192 πορθ-

267 1216 371 1281 μὸν,
417 1219 527 1267 ἀλλ’
570 1213 646 1278 ἅμ’
693 1214 935 1265 ιὀἰκουόιτε
979 1218 1128 1263 ταῦτα
1168 1210 1575 1277 ἀπαγγελλόντων
1626 1210 1789 1273 Βὴμῶν

269 1303 476 1353 κάκεῖνος
514 1299 643 1353 ἐντὸς
682 1299 749 1362 εἴη
787 1302 966 1348 Πυλῶν
996 1298 1070 1346 καὶ
1104 1294 1249 1359 μηδὲν
1284 1295 1422 1362 ἔχοιθ’
1452 1295 1609 1358 ῗὺμεῖς
1647 1296 1783 1357 ποιῆ-

200 1413 249 1452 41
270 1409 370 1436 σαι.
415 1386 535 1435 οὕτω
563 1387 603 1434 δ’
632 1382 688 1447 ἧν
716 1384 740 1433 ὁ
769 1381 1014 1434 Φίλιππος
1053 1382 1100 1430 ἐν
1134 1380 1273 1448 φόβῳ
1312 1385 1333 1404 “
1351 1380 1426 1428 καὶ
1459 1381 1626 1444 πολλῇ
1657 1379 1783 1442 ἀγω-

270 1470 360 1538 νίᾳ,
404 1468 468 1532 μὴ
511 1469 624 1517 Χκαὶ
669 1472 817 1516 ταῦτα
867 1462 1214 1532 προειληφότος
1255 1463 1412 1520 αὐτοῦ,
1456 1465 1530 1512 Υεῑ
1567 1461 1662 1527 πρὸ
1706 1465 1788 1511 τοῦ
1804 1483 1844 1505 20

269 1553 377 1606 τοὺς
413 1551 603 1605 Φωκέας
642 1549 944 1601 Ζάπολέσθαι
982 1549 1325 1616 ῧψηφίσαισθε
1360 1545 1592 1610 1Ἑοηθεῖν,
1626 1544 1792 1614 οἐκφύ-

773 1632 792 1659 d

272 1661 349 1704 γοι
388 1636 448 1687 τὰ
492 1634 730 1703 πράγματ’
809 1631 964 1696 αὑτὸν,
1004 1630 1160 1682 θῶστε
1200 1630 1215 1657 f
1227 1635 1479 1694 μισθοῦται
1525 1628 1607 1680 τὸν
1652 1627 1793 1679 κατοί-
1829 1663 1835 1668 -

273 1745 487 1774 πτυστον
529 1721 724 1782 τουτονὶ,
765 1717 915 1769 οὐκέτι
959 1720 1089 1784 κοινῇ
1133 1715 1251 1779 μετὰ
1296 1721 1390 1766 τῶν
1434 1714 1602 1764 ἄλλων
1646 1714 1794 1780 πρέσ-

329 1859 349 1887 b
371 1862 421 1896 καὶ
444 1862 533 1897 θεοῖς
553 1860 684 1905 ἐχθρῶν
704 1872 772 1893 om.
794 1859 913 1894 A.S.S.
1027 1864 1042 1883 ⁰
1062 1856 1241 1902 πολεμεῖν]
1267 1857 1319 1890 καὶ
1337 1856 1499 1899 πολεμεῖν
1522 1855 1558 1889 S.
1680 1850 1699 1879 d
1719 1853 1796 1888 τού-

276 1916 364 1962 τοις]
391 1913 548 1949 τουτοισί
565 1915 678 1949 A.k.s.
792 1918 807 1937 θ
829 1912 1031 1957 ὡμολόγησε
1054 1910 1306 1949 F.S.Q.O.u.v.
1328 1914 1363 1943 et
1383 1921 1489 1954 supra
1506 1920 1646 1942 versum
1664 1917 1698 1953 5.
1730 1908 1797 1942 Le-

277 1970 425 2016 gebatur
445 1968 571 2012 ὤμοσε.
696 1964 709 1992 f
727 1967 744 1999 ὁ
765 1978 834 2000 om.
855 1966 970 2000 A.k.s.
1088 1970 1108 1997 g
1127 1962 1315 2008 Φίλιππος]
1340 1962 1512 2008 φίλιππος
1531 1961 1617 2006 ἕξειν
1637 1960 1794 2000 Q.O.s.t.

277 2028 313 2057 et
332 2023 367 2056 in
387 2023 493 2056 litura
513 2022 551 2056 F.
573 2021 609 2055 in
624 2021 666 2054 Y.
687 2021 813 2054 lacuna
833 2025 886 2054 est
905 2024 985 2064 post
1005 2018 1185 2063 φίλιππος.
1317 2013 1337 2042 h
1357 2015 1560 2060 προλαβὼν]
1584 2015 1797 2060 προσλαβὼν

276 2077 466 2122 Y.k.p.r.s,
624 2071 635 2099 ἱ
664 2072 822 2118 τούτους]
845 2071 987 2107 τούτους
1015 2072 1094 2107 τοὺς
1119 2071 1233 2105 A.k.s.
1392 2065 1411 2092 k
1441 2068 1591 2113 ἀπίωμεν
1610 2068 1796 2103 A.S.k.r.s.

367 2134 408 2151 UH!

277 2163 427 2207 ἀπίωμεν
448 2161 488 2197 F.
519 2161 721 2207 Legebatm·
740 2159 899 2195 ἀπίωσιν.
984 2157 994 2184 l
1015 2158 1076 2194 ἕως
1094 2158 1136 2192 τὰ
1158 2158 1192 2191 S.
1223 2157 1284 2192 ἕως
1303 2153 1343 2190 ἀν
1361 2157 1403 2189 τὰ
1422 2155 1540 2201 vulgo.
1635 2161 1666 2181 ¹¹¹
1691 2168 1797 2200 στρα-

277 2217 384 2262 τείας]
410 2217 573 2260 στρατιᾶς
592 2215 704 2249 A.k.s.
860 2219 880 2238 Π
902 2213 992 2258 ἡμῶν
1012 2212 1171 2246 A.S.k.s.
1194 2216 1228 2245 et
1247 2225 1304 2256 γρ.
1327 2210 1415 2248 RQ.
1455 2209 1656 2254 Legebatur
1675 2208 1797 2242 αὐτῶν.

279 2276 298 2295 0
325 2270 390 2316 εἷς]
423 2270 456 2304 ἐς
478 2270 514 2302 k.
671 2273 690 2301 1³
721 2267 910 2313 κλείσαιτε]
945 2265 1099 2301 κλείσετε
1120 2265 1167 2304 Q.
1212 2264 1381 2298 κλείσειτε
1408 2263 1448 2297 F.
1493 2262 1652 2305 κλείσητε
1677 2261 1798 2307 A.k.p.

373 2328 394 2344 Ol

279 2354 438 2400 κλείσητε
466 2367 494 2389 r.
524 2355 694 2389 κλείσοιτε
717 2354 864 2389 O.t.¹.l.v.
1022 2358 1041 2386 q
1069 2352 1241 2399 πορθμὸν]
1275 2352 1381 2384 τόπον
1399 2350 1555 2384 A.S.k.s.
1577 2354 1612 2383 et
1631 2363 1686 2395 γρ.
1709 2347 1798 2387 RQ.

1268 2403 1337 2440 ὑμῖν

280 2457 295 2477 1‘
315 2451 483 2497 ἀκούοιτε]
508 2449 649 2495 ἀκούητε
668 2452 704 2485 k.
827 2455 842 2474 S
863 2449 955 2492 ἡμῶν
974 2449 1057 2483 AS.
1090 2448 1182 2491 ὑμῶν
1201 2448 1236 2481 k.
1266 2450 1358 2491 ημῶν
1377 2459 1405 2480 s.
1436 2446 1512 2490 ὑμῖν
1532 2444 1662 2479 τούτων
1679 2445 1798 2490 vulgo.

281 2503 296 2529 t
315 2505 408 2549 ὑμεῖς
427 2517 497 2539 om.
518 2505 554 2538 k.
702 2510 722 2528 ¹¹
740 2504 793 2537 καὶ
812 2505 926 2545 πολλῇ
946 2501 1072 2548 ἀγωνίᾳ
1092 2513 1161 2536 om.
1183 2501 1450 2546 A.Y.k.p.1·.s.v.
1472 2499 1508 2532 in
1527 2513 1584 2544 γρ.
1606 2499 1738 2532 habent
1759 2498 1797 2532 F.

282 2558 356 2597 Q.t.
484 2564 503 2582 Χ
524 2558 576 2592 καὶ
596 2560 702 2591 ταῦτα
721 2557 974 2603 προειληφότος
997 2553 1345 2589 αὐτοῦ-ἀπολέσθαι
1365 2553 1443 2587 τοὺς
1464 2549 1613 2597 che-xlm]
1638 2553 1798 2596 προειλη-

281 2611 390 2658 φότος
409 2613 512 2646 αὐτοῦ
532 2611 584 2645 καὶ
604 2610 843 2645 ταῦτα--τοὺς
862 2610 996 2654 φωκέας
1014 2608 1206 2643 ἀπολέσθαι
1224 2621 1280 2654 γρ.
1302 2620 1328 2641 s.
1434 2612 1452 2639 Y
1473 2606 1502 2639 εἷ
1521 2606 1680 2639 additum
1700 2617 1742 2639 ex
1764 2603 1799 2638 S.

282 2671 300 2690 Ζ
320 2665 512 2699 ἀπολέσθαι
533 2664 615 2699 A.S.
647 2663 839 2698 ἀπολέσθαι
859 2661 1063 2697 ἀκούσαντες
1084 2662 1202 2707 vulgo.
1232 2659 1436 2694 ἀκούσαντες
1452 2659 1487 2692 iu
1503 2671 1614 2705 marg.
1631 2659 1738 2692 habet
1757 2658 1798 2692 A.

283 2724 302 2744 a
320 2717 562 2763 ψηφίσαισθε]
586 2717 799 2763 ψηφίσησθε
819 2716 1089 2761 A.S.Q.k.p.r.s.
1191 2711 1211 2739 b
1231 2714 1369 2758 βοηθεῖν
1389 2713 1526 2751 F.Q.Y.
1556 2714 1628 2747 τοῖς
1646 2713 1801 2756 φωκεῦσι

281 2772 419 2816 βοηθεῖν
441 2772 478 2806 S.
510 2771 710 2817 Legebatur
728 2770 868 2814 βοηθεῖν
887 2770 1014 2805 αὐτοῖς.
1159 2773 1174 2792 ⁰
1196 2766 1355 2814 ἐκφύγοι]
1380 2767 1434 2800 καὶ
1452 2765 1596 2812 ἐκφύγοι
1615 2763 1800 2802 A.F.Y.Q.

949 2820 984 2850 ὸν

284 2867 575 2913 O.k.p.1·.s.t.u.v.
702 2862 721 2890 d
741 2865 861 2912 αὐτὸν]
885 2866 989 2899 αὐτοῦ
1011 2864 1055 2899 Ο.
1085 2864 1190 2898 αὐτοῦ
1210 2877 1246 2899 ιι.
1377 2869 1393 2888 θ
1414 2862 1501 2896 ὥστε
1524 2862 1559 2896 S.
1590 2860 1681 2895 ὥστε
1699 2860 1804 2895 πάλιν

284 2921 404 2966 vulgo.
516 2918 531 2945 f
547 2919 750 2966 μισθοῦται]
775 2919 987 2965 μισθοῦσθαι
1007 2924 1034 2952 t.
