1882 3250
29 201 94 250 86,
113 216 165 239 28.
251 233 255 239 .
589 199 714 236 ΠΕΡΙ
747 197 1101 235 AAONNHEOT.
1543 199 1598 240 93

91 309 317 376 πρότερος
342 316 360 343 y
367 308 460 373 μήν
485 310 629 368 ἐστιν,
654 309 703 357 ἐν
728 304 765 375 ᾧ
790 307 817 369 ἡ
845 305 999 371 εἰρήνη
1028 306 1208 370 ἐγένετο
1232 303 1262 367 ἢ
1288 306 1336 354 ἐν
1362 304 1399 373 ᾧ
1423 306 1482 355 τὰ
1507 329 1600 373 χω-

91 392 170 457 ρία
195 389 334 440 ἑάλω.

26 495 80 536 39
168 475 296 537 Φησὶ
328 471 375 522 δὲ
414 473 489 521 καὶ
524 469 630 523 τοὺς
665 469 990 535 αἰχμαλώτους
1020 469 1163 531 ἡμῶν,
1191 468 1296 518 ὅσοι
1328 470 1376 517 ἐν
1408 473 1474 536 τῷ
1505 492 1594 520 πο·-

91 556 221 624 λέμῳ
247 554 480 615 ἑάλωσαν,
507 552 860 605 ἀποδεδωκέναι·
904 551 954 604 ὃς
983 551 1065 601 τὸν
1096 551 1180 613 μὲν
1209 551 1492 617 Καρύστιον,
1519 551 1629 604 τὸν5

91 637 321 706 πρόξενον
339 641 422 700 τῆς
442 637 688 701 Ζὴμετέρας
713 634 910 695 πόλεως,
932 633 1045 699 ὑπὲρ
1066 635 1118 684 οὗ
1146 636 1271 696 ὑμεῖς
1290 639 1409 699 τρεῖς
1430 641 1602 699 ὃπρεσ-

92 720 222 781 βείας
259 720 499 788 ἐπέμψατε
538 718 888 779 ὒάπαιτοῦντες,
927 723 1092 767 τοῦτον
1130 716 1212 766 τὸν
1251 717 1397 782 ἄνδρα
1435 719 1602 770 ἐκεῖνος

93 804 213 853 οὕτω
250 801 443 869 σφόδρα
483 803 588 865 ὑμῖν
626 800 849 861 ἐβούλετο
884 801 1191 866 χαρίσασθαι,
1226 798 1340 850 ὥστ’
1369 800 1603 850 ἀπέκτεινε

94 889 169 936 καὶ
194 886 285 936 οὐδ’
314 886 552 950 ἀναίρεσιν
577 885 780 945 0ἔδωκεν,
807 884 882 934 ἵνα
907 886 1049 950 ταφῇ.

28 985 82 1026 40
169 971 285 1033 Περὶ
312 968 360 1018 δὲ
385 966 692 1033 Χερρονήσου
717 964 748 1016 ἅ
774 967 810 1016 τ’
839 965 1111 1016 ἐπιστέλλει
1147 964 1264 1031 πρὸς
1291 964 1434 1029 (Ῑὺμᾶς
1470 966 1604 1034 ἄξιόν
1621 991 1658 1011 10

93 1053 223 1101 ἐστιν
257 1049 490 1118 ἐξετάσαι,
527 1050 592 1100 ε”τι
630 1049 678 1099 δὲ
717 1051 791 1098 καὶ
831 1046 861 1098 ἃ
896 1047 1102 1113 πράττει,
1142 1050 1217 1098 καὶ
1254 1048 1384 1098 ταῦτ’
1422 1050 1600 1099 εἰδέναι.

93 1133 176 1185 τὸν
205 1133 290 1197 μὲν
315 1133 408 1199 γὰρ
434 1131 580 1184 τόπον
613 1131 798 1182 ἅπαντα
828 1130 910 1182 τὸν
945 1131 1036 1198 ἔξω
1071 1138 1086 1156 ‘³
1105 1132 1308 1196 Ἀγορᾶς
1346 1133 1406 1183 ὡς
1442 1133 1605 1182 ἑαυτοῦ

94 1216 208 1268 ὅντα
258 1219 331 1267 καὶ
386 1218 492 1278 ὑμῖν
543 1215 673 1265 οὐδὲν
723 1212 1030 1279 προσήκοντα
1083 1213 1250 1263 δέδωκε
1309 1219 1605 1279 καρποῦσθαι

93 1299 430 1365 Ἀπολλωνίδῃ
449 1302 515 1366 τῷ
539 1299 804 1364 Καρδιανῷ.
852 1297 998 1346 καίτοι
1020 1296 1329 1362 Χερρονήσου
1354 1302 1396 1348 οἱ
1422 1297 1520 1363 ὅροι
1546 1303 1605 1348 εἶ-
1624 1327 1657 1357 15

95 1384 188 1444 σῖν,
225 1383 306 1432 οὐκ
340 1380 534 1446 Ἀγορὰ,
571 1379 726 1430 sonmo}
759 1378 920 1442 βωμὸς
958 1385 1040 1429 τοῦ
1074 1378 1188 1432 Διὸς
1226 1386 1308 1430 τοῦ
1347 1382 1522 1446 ἕὸρίου,
1559 1381 1608 1434 ὅς

95 1466 198 1515 ἐστι
233 1462 408 1531 μεταξὺ
445 1467 655 1513 Πτελεοῦ
694 1464 769 1512 καὶ
805 1464 984 1524 Λευκῆς
1019 1463 1174 1525 ἀκτῆς,
1210 1461 1276 1529 1ὶῇ
1314 1463 1342 1526 ἡ
1379 1462 1608 1531 ἰδιωρυχὴ

31 1570 81 1609 41
97 1547 267 1610 ἔμελλε
304 1545 612 1611 Χερρονήσου
655 1545 863 1606 ἔσεσθαι,
906 1543 966 1597 ὥς
1008 1543 1029 1569 k
1045 1567 1100 1609 γε
1144 1545 1198 1595 τὸ
1242 1547 1512 1611 ἐπίγραμμα
1555 1545 1608 1596 τὸ

96 1632 169 1681 ἐπὶ
193 1629 293 1681 1τοῦ
318 1635 482 1693 βωμοῦ
508 1634 590 1679 τοῦ
618 1627 733 1681 Διὸς
759 1633 842 1678 τοῦ
868 1628 994 1693 ὁρίου
1020 1629 1169 1691 δηλοῖ.
1221 1628 1323 1678 ἔστι
1349 1628 1397 1679 δὲ
1423 1630 1567 1679 τουτί·

269 1737 437 1775 ΠἸΤόνδε
460 1735 740 1786 καθιδρύσαντο
763 1736 837 1787 θεῷ
862 1732 1104 1784 περικαλλέα
1123 1733 1261 1783 βωμὸν
1623 1755 1663 1775 20

322 1804 470 1851 Λευκῆς
492 1802 553 1841 καὶ
575 1805 755 1841 Πτελεοῦ
775 1800 927 1851 μέσσον
950 1801 1043 1851 ὅρον
1064 1799 1221 1850 θέμενοι

266 1868 447 1909 ἐνναέται
467 1870 595 1921 χώρης
618 1868 795 1919 σημήϊον·
830 1868 1048 1918 Πᾶμμορίης
1069 1868 1109 1906 δὲ

324 1936 439 1977 αὐτὸς
459 1937 556 1985 ἄναξ
576 1935 759 1986 μακάρων
782 1935 866 1974 ἐστὶ
887 1934 1007 1984 μέσος
1030 1934 1232 1985 Κρονίδης.

34 2057 86 2097 42
98 2030 268 2094 ταύτην
294 2031 450 2094 μέντοι
476 2029 561 2093 τὴν
586 2029 744 2096 χώραν
764 2027 1027 2091 Οτοσαύτην
1047 2028 1197 2077 οὖσαν
1224 2025 1344 2089 ὅσην
1366 2030 1409 2076 οἱ
1434 2028 1608 2076 πολλοὶ
1622 2053 1658 2083 25

100 2115 226 2176 ὑμῶν
256 2114 435 2174 ἴσασιν,
463 2115 525 2166 ὡς
557 2114 720 2162 ἑαυτοῦ
752 2113 901 2162 οὖσαν
932 2110 1017 2174 τὴν
1053 2109 1137 2174 μὲν
1169 2109 1306 2162 αὐτὸς
1339 2115 1608 2175 καρποῦται,

138 2278 151 2296 x
203 2280 214 2294 t
269 2279 281 2294 Ι
436 2280 446 2293 C
491 2280 500 2294 5
614 2280 625 2292 f
672 2281 693 2291 F·
838 2283 857 2291 Α
1066 2278 1079 2294 N
1159 2277 1169 2291 j
1262 2274 1272 2290 Ι
1431 2274 1443 2289 N
1526 2275 1548 2292 ‚l

99 2300 156 2329 τα
191 2301 385 2344 υμετερα
424 2283 490 2346 υφ
535 2286 696 2346 Ραυτῳ
733 2300 944 2328 ποιειται.
1006 2299 1081 2326 και
1120 2299 1173 2326 ου
1211 2298 1356 2338 μονον
1393 2298 1479 2338 την
1518 2275 1609 2342 εξω

153 2456 172 2483 Y
190 2450 270 2495 μὴν]
293 2452 311 2483 ὁ
330 2451 394 2494 μὴν
412 2451 447 2485 S.
516 2456 533 2475 Ζ
554 2451 733 2496 ἡμετέρας]
759 2449 919 2496 ὑμετέρας
936 2449 1053 2484 O.u.v.
1125 2455 1143 2474 a
1163 2448 1365 2494 πρεσβείας]
1389 2447 1553 2492 πρέσβεις
1573 2448 1608 2481 S.

101 2499 121 2528 b
140 2501 356 2538 ἀπαιτοῦντες
375 2503 513 2549 τοῦτον]
539 2506 659 2537 τοῦτον
678 2503 896 2538 ἀπαιτοῦντες
918 2502 1083 2537 F.O.u.v.
1205 2507 1221 2526 θ
1241 2501 1378 2547 ἔδωκεν]
1404 2501 1545 2533 δέδωκεν
1564 2500 1607 2533 Y.

102 2551 122 2579 d
141 2555 223 2598 ὑμᾶς
244 2556 326 2590 S.Y.
361 2556 445 2599 ἡμᾶς
463 2557 581 2601 vulgo.
674 2562 690 2580 e
710 2555 855 2601 Ἀγορᾶς
875 2561 910 2590 et
929 2555 1019 2589 infra
1037 2555 1163 2600 Ἀγορὰ
1182 2554 1342 2587 ἶῩοΠὶῑιε.
1388 2553 1610 2586 Scribebatur

101 2607 201 2641 litera
218 2608 423 2643 minuscula.
457 2609 501 2641 V.
520 2609 692 2642 Herodot.
714 2618 746 2654 7,
764 2607 826 2654 58.
968 2605 982 2631 f
999 2608 1090 2641 ἀλλὰ
1111 2608 1146 2640 S.
1168 2612 1202 2640 et
1222 2612 1397 2640 correctus
1417 2605 1460 2638 Y.
1494 2603 1571 2638 ἀλλ’
1591 2605 1609 2636 ὁ

101 2660 217 2704 vulgo.
327 2666 348 2694 g
367 2661 478 2706 ὁρίου]
501 2661 612 2706 ὀρείου
633 2661 799 2695 F.O.u.v.
822 2666 857 2694 et
876 2672 929 2704 pr.
947 2660 990 2694 Y.
1101 2657 1122 2683 h
1143 2655 1180 2704 ᾗ]
1206 2658 1239 2700 ἧι
1260 2659 1296 2692 S.
1341 2658 1540 2702 Legebatur
1560 2655 1609 2690 οὗ.

103 2708 113 2735 i
133 2712 296 2759 διωρυχὴ]
320 2714 460 2758 διορυχὴ
482 2714 518 2747 S.
605 2711 627 2737 k
645 2728 684 2758 γε
705 2725 773 2746 om.
797 2712 962 2746 F.O.u.V.
1053 2709 1063 2735 l
1083 2713 1144 2744 τοῦ
1163 2713 1281 2754 βωμοῦ
1301 2722 1371 2744 om.
1394 2710 1429 2743 S.
1517 2714 1547 2733 m
1569 2709 1611 2742 In

10 2040 17 2095 ἔ

12 2098 17 2179 ι
137 2195 150 2211 Χ
259 2195 271 2213 Χ
324 2195 347 2213 31
652 2194 664 2211 Χ
782 2194 794 2210 Ι
1011 2195 1025 2211 X
1077 2192 1098 2210 (Ι
1338 2191 1351 2209 X
1468 2191 1480 2207 Ι

13 2184 19 2400 Ι
99 2217 183 2259 την
224 2199 272 2246 δε
312 2203 480 2248 αλλοις
521 2198 698 2260 δωρεαν
741 2197 907 2245 δεδωκε
952 2216 1026 2243 και
1069 2216 1255 2243 απαντα
1298 2215 1358 2241 τα
1397 2214 1610 2255 κτηματα

17 2588 21 2700 ἓ

19 2756 21 2822 Ξ
103 2764 262 2798 A.B.F.r.
285 2771 319 2799 et
340 2766 399 2810 qui
425 2766 640 2810 epigramma
666 2766 781 2810 ipsum
804 2777 872 2798 om.
896 2764 932 2797 S.
954 2763 1207 2808 praescriptum
1229 2764 1283 2805 (ut
1301 2763 1422 2807 vulgo)
1444 2762 1609 2806 ἐπιγράμ-

20 2827 22 2840 ’
103 2830 206 2858 ματος
227 2816 426 2863 ἀνάγνωσις,
447 2818 481 2850 in
503 2818 584 2851 O.u.
607 2818 813 2862 ἐπίγραμμα.
872 2817 1098 2861 Epigramma
1123 2816 1251 2860 legitur
1275 2815 1312 2848 in
1332 2814 1475 2848 Anthol.
1498 2814 1609 2847 Palat.

19 2848 23 2921 Ε
106 2867 167 2908 ῙΧ,
190 2868 275 2914 786.
305 2870 364 2903 ubi
396 2871 548 2903 Πτελέου
578 2871 830 2915 παροξυτόνως.
981 2874 999 2892 ¹¹
1030 2867 1210 2913 ἀμμορίης]
1245 2867 1383 2912 ὁμορίης
1412 2878 1534 2911 margo
1564 2865 1610 2900 Ο.

20 2931 23 2969 [
105 2924 123 2944 ⁰
142 2920 310 2965 τοσαύτην
330 2920 436 2956 οὖσαν
456 2934 526 2956 om.
552 2922 587 2956 S.
700 2928 718 2954 Ρ
739 2922 829 2968 αὐτῷ
850 2921 885 2955 S.
915 2922 1022 2966 ἑαυτῷ
1040 2921 1157 2965 vulgo.

21 3032 23 3100 ἢ

22 3160 24 3176 Ι

22 3182 25 3194 ι
