1882 3250
33 150 173 202 48‚21.
585 153 726 189 ΚΑΤΑ
760 153 1037 189 ΦΙΛΙΠΠΟΎ
1068 155 1114 189 A.
1551 151 1607 190 53

98 263 345 314 Μενέλαον
371 266 640 329 ἱππαρχεῖνς
683 264 757 312 καὶ
783 263 836 312 οὐ
861 260 945 312 τὸν
971 262 1119 327 ἄνδρα
1138 262 1437 329 μεμφόμενος
1459 269 1605 313 ταῦτα

96 346 232 411 λέγω,
260 347 369 395 ἀλλ’
399 347 475 412 ὑφ’
516 347 644 407 ὑμῶν
679 345 766 394 ἔδει
805 344 1237 411 κεχειροτονημένον
1272 342 1386 394 εἶναι
1424 350 1604 407 τοῦτον,

95 429 226 482 ὅστις
252 427 310 478 ἂν
334 426 380 495 ᾗ.

29 533 81 577 32
158 511 305 566 Ἴσως
332 512 380 563 δὲ
404 517 552 562 ταῦτα
576 510 660 573 μὲν
686 513 836 575 ὀρθῶς
870 512 1060 576 ἡγεῖσθε
1087 511 1326 575 λέγεσθαι,
1354 510 1408 561 τὸ
1435 510 1483 561 δὲ
1508 516 1602 561 τῶν
1616 532 1653 563 ²5

91 594 357 663 χρημάτων,
383 594 516 646 πόσα
553 598 627 645 καὶ
653 593 798 645 πόθεν
823 595 970 655 ἔσται,
996 595 1212 657 μάλιστα
1248 599 1432 645 ποθεῖτε
1457 597 1597 645 ἀκοῦ-

91 702 190 729 σαι.
232 684 369 728 τοῦτο
410 677 466 741 δὴ
508 682 583 728 καὶ
628 678 858 743 ἀπερανῶ.
902 677 1121 744 χρήματα
1164 679 1330 739 τοίνυν,
1371 678 1472 728 ε”στι
1516 677 1602 740 μὲν

92 763 119 825 ἡ
155 761 323 829 τροφὴ,
362 761 633 826 σιτηρέσιον
671 768 686 787 ‘³
697 761 841 823 μόνον
876 765 933 828 τῇ
970 760 1158 822 δυνάμει
1195 761 1353 827 ταύτῃ,
1389 761 1602 812 τάλαντα

90 845 105 872 f
116 844 387 908 ἐνενήκοντα
425 847 499 894 καὶ
534 842 699 909 μικρόν
732 867 777 894 τι
813 843 946 910 πρὸς,
973 845 1083 894 δέκα
1116 843 1201 907 μὲν
1232 846 1370 894 ναυσὶ
1396 846 1601 911 ταχείαις

89 926 429 993 τετταράκοντα
469 927 694 989 τάλαντα,
733 927 908 978 εἴκοσιν
949 932 1011 981 εἰς
1051 927 1137 991 τὴν
1180 934 1294 978 ναῦν
1336 936 1356 964 g
1364 933 1480 991 μναῖ
1515 934 1597 979 τοῦ
1610 933 1664 984 48

89 1009 232 1075 μηνὸς
269 1010 485 1072 ἑκάστου,
512 1011 822 1076 στρατιώταις
857 1011 905 1062 δὲ
941 1013 1190 1078 δισχιλίοις
1227 1014 1421 1062 τοσαῦθ’
1451 1012 1596 1077 ἕτερα,

87 1095 160 1145 ἵνα
200 1095 310 1144 δέκα
350 1100 433 1144 τοῦ
472 1093 617 1157 μηνὸς
661 1095 684 1143 ὁ
726 1094 1019 1160 στρατιώτης
1068 1094 1282 1160 δραχμὰς
1325 1095 1598 1160 σιτηρέσιον

85 1177 322 1245 λαμβάνῃ,
349 1182 444 1230 τοῖς
469 1179 506 1228 δ’
530 1181 722 1228 ἱππεῦσι
750 1178 1002 1230 διακοσίοις
1028 1179 1175 1239 οὖσιν,
1195 1176 1303 1227 ὴέὰν
1329 1176 1625 1242 ἰἰ’ριάκονταε

86 1261 296 1328 δραχμὰς
337 1262 536 1314 ἕκαστος
577 1260 802 1328 λαμβάνῃ
838 1267 920 1311 τοῦ
958 1260 1115 1325 μηνὸς,
1153 1261 1330 1311 δώδεκα
1364 1259 1591 1310 τάλαντα.

21 1368 73 1410 33
88 1350 124 1395 εἰ
149 1345 203 1395 δέ
229 1367 299 1398 τις
337 1345 476 1394 οἴεται
511 1344 682 1409 μικρὰν
717 1343 968 1412 ι(ἀφορμὴν
1001 1343 1292 1410 Ισιτηρέσιον
1318 1348 1413 1397 τοῖς
1439 1366 1591 1408 στρα-

84 1429 340 1492 τευομένοις
386 1427 621 1495 ὑπάρχειν,
662 1430 744 1478 οὐκ
783 1431 933 1494 ὀρθῶς
971 1429 1184 1494 ἔγνωκεν·
1225 1427 1317 1493 ἐγὼ
1362 1427 1453 1493 γὰρ
1495 1425 1598 1478 οἶδα

83 1516 253 1579 σαφῶς
280 1512 363 1574 ὅτι,
391 1514 548 1563 ιι’τοῦτ’
576 1512 633 1562 ἂν
660 1513 859 1578 γένηται,
890 1517 1203 1578 ῃπροσποριεῖ
1224 1511 1283 1562 τὰ
1308 1510 1454 1562 λοιπὰ
1481 1510 1595 1568 αὐτὸ

82 1595 136 1647 τὸ
173 1596 445 1662 στράτευμα
482 1596 575 1648 ἀπὸ
613 1603 696 1647 τοῦ
734 1598 959 1660 πολέμου,
1001 1597 1163 1647 οὐδένα
1207 1601 1302 1646 τῶν
1340 1594 1647 1659 (Ελλήνωνιο

83 1683 268 1732 ἀδικοῦν
306 1681 409 1732 οὐδὲ
447 1686 542 1732 τῶν
572 1680 853 1748 συμμάχων,
893 1680 1005 1731 ὥστ’
1047 1681 1166 1748 ε”χειν
1200 1680 1376 1743 μισθὸν
1413 1682 1590 1742 ἐντελῆ.

81 1763 170 1831 ἐγὼ
196 1764 455 1827 συμπλεων
493 1764 740 1828 ἐθελοντὴς
777 1766 982 1832 πάσχειν
1014 1766 1168 1815 ὁτιουν
1194 1765 1385 1826 ἕτοιμος,
1413 1763 1494 1814 ἐὰν
1530 1763 1594 1827 μὴ

81 1850 209 1899 ταῦθ’
251 1871 394 1902 ουτως
434 1872 532 1916 εχῃ.
575 1848 721 1900 πόθεν
760 1850 840 1899 οὖν
879 1850 903 1899 ὁ
944 1849 1089 1915 πόρος
1128 1853 1222 1898 τῶν
1257 1846 1524 1914 χρημάτων,
1565 1845 1596 1897 ἃ

81 1935 186 1999 παρ’
216 1935 344 1996 ὑμῶν
370 1933 543 1984 κελεύω
570 1934 834 1997 Ογενεσθαι,
858 1934 980 1983 τουτ’
1009 1933 1097 1996 ἠδη
1125 1932 1262 1999 λεξω.

17 2027 72 2070 34
499 2031 737 2078 ΠΟΡΟΥ
778 2029 1178 2079 ΑΠΟΔΕΙΞΙΣ.
1608 2059 1643 2088 15

144 2097 212 2150 ὁΑ
250 2099 360 2162 ι’μὲν
394 2101 535 2163 ἡμεῖς,
563 2098 598 2150 ὦ
632 2101 795 2165 ἄνδρες
825 2101 1081 2162 Ἀθηναῖοι,
1109 2097 1393 2161 δεδυνήμεθα
1432 2099 1592 2162 εὑρεῖν,

80 2185 204 2234 ταῦτ’
244 2185 388 2233 ἐστίν.
447 2182 631 2234 ε’πειδαν
669 2185 731 2232 (ἴδ’
777 2184 1145 2248 ἐπιχειροτονῆτε
1189 2180 1272 2233 τὰς
1316 2180 1519 2245 γνώμας,
1562 2179 1592 2230 ἂ

80 2265 137 2316 ἂν
174 2268 280 2329 ὑμῖν
318 2266 547 2334 άρέΐσκῃ
555 2288 928 2333 χειροτονησατε,
967 2265 1042 2315 ι’να
1082 2264 1146 2327 μὴ
1189 2263 1332 2325 μόνον
1383 2265 1454 2313 Ξέν
1496 2269 1592 2318 τοῖς

78 2351 366 2417 ψηφίσμασι
417 2352 510 2399 ἰκαὶ
559 2355 659 2402 ταῖς
722 2351 997 2401 ἐπιστολαῖς
1059 2351 1296 2410 πολεμῆτε
1349 2348 1589 2416 Φιλίππῳ,
1605 2374 1644 2396 20

78 2432 207 2482 ἀλλὰ
232 2436 307 2483 καὶ
333 2438 428 2486 τοῖς
454 2433 617 2498 ἔργοις.

129 2536 148 2564 d
175 2540 325 2586 περανῶ]
355 2541 502 2586 περαίνω
524 2542 558 2581 S,
581 2547 619 2576 ut
638 2543 840 2586 hujusmodi
860 2542 978 2576 futura
998 2542 1033 2575 in
1057 2541 1234 2574 codicibus
1263 2552 1334 2573 non
1363 2551 1441 2573 raro
1462 2539 1591 2584 scripta

77 2599 169 2627 sunt.
311 2599 327 2618 e
346 2594 465 2640 μόνον]
491 2596 562 2630 τοῖς
582 2597 863 2639 στρατευομένοις
882 2597 986 2639 μόνον
1005 2593 1302 2627 A.B.F.Y.O.u.v.
1446 2588 1460 2615 f
1477 2592 1587 2636 ἐνενή-

76 2658 174 2679 κοντα
194 2646 371 2682 B.F.S.O.
401 2647 614 2690 ἐννενήκοντα
633 2648 751 2693 vulgo.
849 2653 869 2680 g
888 2647 984 2692 μναῖ]
1009 2649 1093 2688 μνᾶς
1114 2646 1159 2680 Ο.
1188 2647 1253 2689 μνᾶ
1275 2657 1324 2690 pr.
1348 2645 1383 2679 S.
1469 2642 1489 2669 h
1510 2644 1585 2690 ἐὰν]

75 2696 136 2731 ἀνὰ
154 2699 196 2732 Α.
344 2697 354 2724 i
373 2699 566 2744 τριάκοντα]
590 2702 708 2734 ἑκατὸν
727 2712 900 2746 superscr.
921 2712 991 2734 rec.
1016 2699 1051 2734 S.
1192 2696 1207 2718 k
1228 2698 1405 2744 ἀφορμὴν]
1429 2697 1590 2742 ἅφορμὴν

76 2746 158 2784 εἶναι
177 2751 258 2785 F.S.
279 2764 351 2786 non
372 2753 413 2786 B.
499 2750 508 2779 Ῑ
530 2767 643 2798 σιτηρ.
665 2756 736 2789 τοῖς
755 2753 895 2799 στρατ.]
918 2755 989 2787 τοῖς
1009 2766 1129 2796 στρατ.
1151 2764 1262 2795 σιτηρ.
1278 2751 1367 2784 A.Y.
1445 2756 1475 2775 ¹¹¹
1495 2749 1586 2784 τοῦτ’

75 2800 130 2848 ἂν]
151 2800 192 2837 ἂν
215 2806 318 2838 τοῦτο
337 2805 426 2839 A.Y.
592 2812 612 2830 ¹1
640 2806 862 2852 προσποριεῖ]
895 2806 1156 2850 προσποριεῖται
1185 2810 1256 2837 tres
1281 2804 1418 2837 codjces
1444 2803 1588 2849 Augeri.

76 2859 95 2880 ⁰
111 2855 268 2900 γενέσθαι
289 2858 326 2892 S.
356 2858 536 2903 γενήσεται
555 2859 674 2904 vulgo.
813 2865 831 2892 P
851 2858 928 2904 μὲν]
953 2859 1014 2902 μὲν
1033 2856 1092 2891 οὖν
1109 2857 1153 2891 Y.
1283 2863 1304 2892 ‘l
1323 2855 1352 2890 δ’
1372 2868 1441 2890 om.
1463 2868 1516 2901 pr.
1539 2855 1585 2890 Ο.

77 2913 93 2933 ¹⁸
118 2910 398 2956 χειροτονήσητε]
430 2911 690 2956 χειροτονήσετε
710 2912 749 2946 F.
772 2918 807 2946 et
827 2923 997 2957 superscr.
1019 2925 1040 2945 a
1060 2910 1144 2944 ΒΕ.
1310 2916 1324 2935 S
1352 2909 1387 2943 ἐν
1405 2921 1475 2944 om.
1496 2909 1586 2943 A.Y.

77 2959 168 2995 delet
187 2961 232 2996 Ο.
344 2963 360 2989 2
378 2963 446 3009 καὶ]
469 2965 521 2998 καὶ
540 2965 575 2998 ἐν
596 2965 632 2999 S.
