<?xml version="1.0" encoding="UTF-8"?>
<!DOCTYPE html PUBLIC "-//W3C//DTD XHTML 1.0 Transitional//EN"
    "http://www.w3.org/TR/xhtml1/DTD/xhtml1-transitional.dtd">
<html xmlns="http://www.w3.org/1999/xhtml" xml:lang="en" lang="en">
 <head>
  <title>
</title>
<meta http-equiv="Content-Type" content="text/html;charset=utf-8" />
  <meta name='ocr-system' content='tesseract 3.04.00' />
  <meta name='ocr-capabilities' content='ocr_page ocr_carea ocr_par ocr_line ocrx_word'/>
</head>
<body>
  <div class='ocr_page' id='page_1' title='image "./operaexrecension01demouoft_0476.png"; bbox 0 0 1903 3271; ppageno 0'>
   <div class='ocr_carea' id='block_1_1' title="bbox 233 144 1815 202">
    <p class='ocr_par' dir='ltr' id='par_1_1' title="bbox 233 144 1815 202">
     <span class='ocr_line' id='line_1_1' title="bbox 233 144 1815 202; baseline 0.001 -16"><span class='ocrx_word' id='word_1_1' title='bbox 233 144 317 187; x_wconf 83' lang='lat'>446</span> <span class='ocrx_word' id='word_1_2' title='bbox 778 151 1206 189; x_wconf 72' lang='grc' dir='ltr'>ΔΗΜΟΣΘΕΝΟΎΣ</span> <span class='ocrx_word' id='word_1_3' title='bbox 1333 148 1415 187; x_wconf 76' lang='lat' dir='ltr'>On.</span> <span class='ocrx_word' id='word_1_4' title='bbox 1439 147 1581 187; x_wconf 87' lang='lat' dir='ltr'>XIX.</span> <span class='ocrx_word' id='word_1_5' title='bbox 1606 161 1644 202; x_wconf 90' lang='lat' dir='ltr'>p.</span> <span class='ocrx_word' id='word_1_6' title='bbox 1661 159 1760 199; x_wconf 85' lang='lat'><strong>422,</strong></span> <span class='ocrx_word' id='word_1_7' title='bbox 1777 163 1815 188; x_wconf 78' lang='lat'>12</span> 
     </span>
    </p>
   </div>
   <div class='ocr_carea' id='block_1_2' title="bbox 139 259 1804 1118">
    <p class='ocr_par' dir='ltr' id='par_1_2' title="bbox 139 259 1804 1118">
     <span class='ocr_line' id='line_1_2' title="bbox 403 259 1275 315; baseline 0 -17"><span class='ocrx_word' id='word_1_8' title='bbox 403 261 456 314; x_wconf 79' lang='grc' dir='ltr'>τῷ</span> <span class='ocrx_word' id='word_1_9' title='bbox 477 261 519 299; x_wconf 83' lang='grc' dir='ltr'>δὲ</span> <span class='ocrx_word' id='word_1_10' title='bbox 540 261 670 315; x_wconf 98' lang='grc' dir='ltr'>χρόνῳ</span> <span class='ocrx_word' id='word_1_11' title='bbox 692 260 845 302; x_wconf 87' lang='grc' dir='ltr'>πάντως</span> <span class='ocrx_word' id='word_1_12' title='bbox 865 259 954 310; x_wconf 74' lang='grc' dir='ltr'>ἦλθ’</span> <span class='ocrx_word' id='word_1_13' title='bbox 978 259 1275 310; x_wconf 75' lang='grc' dir='ltr'>Ῑάποτισομένη.</span> 
     </span>
     <span class='ocr_line' id='line_1_3' title="bbox 348 325 1326 382; baseline -0.001 -16"><span class='ocrx_word' id='word_1_14' title='bbox 348 325 447 366; x_wconf 80' lang='grc' dir='ltr'>τοῦτ’</span> <span class='ocrx_word' id='word_1_15' title='bbox 468 327 538 377; x_wconf 85' lang='grc' dir='ltr'>ἤδη</span> <span class='ocrx_word' id='word_1_16' title='bbox 560 327 667 382; x_wconf 84' lang='grc' dir='ltr'>πάσῃ</span> <span class='ocrx_word' id='word_1_17' title='bbox 688 328 803 367; x_wconf 89' lang='grc' dir='ltr'>πόλει</span> <span class='ocrx_word' id='word_1_18' title='bbox 826 328 983 380; x_wconf 79' lang='grc' dir='ltr'>ἔρχεται</span> <span class='ocrx_word' id='word_1_19' title='bbox 1005 327 1120 369; x_wconf 80' lang='grc' dir='ltr'>ἕλκος</span> <span class='ocrx_word' id='word_1_20' title='bbox 1140 327 1326 378; x_wconf 84' lang='grc' dir='ltr'>ἄφυκτον.</span> 
     </span>
     <span class='ocr_line' id='line_1_4' title="bbox 407 393 1301 447; baseline -0.001 -13"><span class='ocrx_word' id='word_1_21' title='bbox 407 396 461 436; x_wconf 86' lang='grc' dir='ltr'>εἷς</span> <span class='ocrx_word' id='word_1_22' title='bbox 482 395 523 434; x_wconf 80' lang='grc' dir='ltr'>δὲ</span> <span class='ocrx_word' id='word_1_23' title='bbox 546 395 667 444; x_wconf 79' lang='grc' dir='ltr'>κακὴν</span> <span class='ocrx_word' id='word_1_24' title='bbox 688 393 881 447; x_wconf 63' lang='grc' dir='ltr'>Πὶταχέως</span> <span class='ocrx_word' id='word_1_25' title='bbox 901 394 1022 444; x_wconf 84' lang='grc' dir='ltr'>ἤλυθε</span> <span class='ocrx_word' id='word_1_26' title='bbox 1043 395 1301 443; x_wconf 85' lang='grc' dir='ltr'>δουλοσύνην,</span> 
     </span>
     <span class='ocr_line' id='line_1_5' title="bbox 139 459 1801 512; baseline 0 -12"><span class='ocrx_word' id='word_1_27' title='bbox 139 461 219 500; x_wconf 78' lang='grc'>288</span> <span class='ocrx_word' id='word_1_28' title='bbox 349 460 404 511; x_wconf 72' lang='grc' dir='ltr'>Πῆ</span> <span class='ocrx_word' id='word_1_29' title='bbox 426 461 568 501; x_wconf 84' lang='grc' dir='ltr'>στάσιν</span> <span class='ocrx_word' id='word_1_30' title='bbox 590 462 768 512; x_wconf 83' lang='grc' dir='ltr'>ἔμφυλον</span> <span class='ocrx_word' id='word_1_31' title='bbox 788 461 966 510; x_wconf 90' lang='grc' dir='ltr'>πόλεμόν</span> <span class='ocrx_word' id='word_1_32' title='bbox 987 460 1021 500; x_wconf 77' lang='grc' dir='ltr'>θ”’</span> <span class='ocrx_word' id='word_1_33' title='bbox 1044 459 1188 500; x_wconf 78' lang='grc' dir='ltr'>εὕδοντ’</span> <span class='ocrx_word' id='word_1_34' title='bbox 1211 462 1445 512; x_wconf 84' lang='grc' dir='ltr'>0ἐπεγείρει,</span> <span class='ocrx_word' id='word_1_35' title='bbox 1767 476 1801 505; x_wconf 83' lang='lat'>¹5</span> 
     </span>
     <span class='ocr_line' id='line_1_6' title="bbox 403 527 1179 578; baseline -0.003 -10"><span class='ocrx_word' id='word_1_36' title='bbox 403 527 445 570; x_wconf 83' lang='grc' dir='ltr'>ὃς</span> <span class='ocrx_word' id='word_1_37' title='bbox 465 531 628 568; x_wconf 84' lang='grc' dir='ltr'>πολλῶν</span> <span class='ocrx_word' id='word_1_38' title='bbox 650 527 818 578; x_wconf 78' lang='grc' dir='ltr'>Ρέρατὴν</span> <span class='ocrx_word' id='word_1_39' title='bbox 839 527 994 566; x_wconf 84' lang='grc' dir='ltr'>ὤλεσεν</span> <span class='ocrx_word' id='word_1_40' title='bbox 1014 527 1179 577; x_wconf 84' lang='grc' dir='ltr'>ἡλικίην.</span> 
     </span>
     <span class='ocr_line' id='line_1_7' title="bbox 348 594 1292 647; baseline -0.001 -12"><span class='ocrx_word' id='word_1_41' title='bbox 348 596 390 635; x_wconf 83' lang='grc' dir='ltr'>ἐκ</span> <span class='ocrx_word' id='word_1_42' title='bbox 414 597 486 646; x_wconf 78' lang='grc' dir='ltr'>γὰρ</span> <span class='ocrx_word' id='word_1_43' title='bbox 508 594 731 645; x_wconf 86' lang='grc' dir='ltr'>δυσμενέων</span> <span class='ocrx_word' id='word_1_44' title='bbox 752 594 903 647; x_wconf 88' lang='grc' dir='ltr'>ταχέως</span> <span class='ocrx_word' id='word_1_45' title='bbox 924 594 1172 645; x_wconf 84' lang='grc' dir='ltr'>πολυήρατον</span> <span class='ocrx_word' id='word_1_46' title='bbox 1194 595 1292 634; x_wconf 85' lang='grc' dir='ltr'>ἄστυ</span> 
     </span>
     <span class='ocr_line' id='line_1_8' title="bbox 403 663 1364 714; baseline 0 -13"><span class='ocrx_word' id='word_1_47' title='bbox 403 663 609 714; x_wconf 65' lang='grc' dir='ltr'>(ἰτρύχεται</span> <span class='ocrx_word' id='word_1_48' title='bbox 632 663 674 701; x_wconf 83' lang='grc' dir='ltr'>ἐν</span> <span class='ocrx_word' id='word_1_49' title='bbox 695 663 875 703; x_wconf 83' lang='grc' dir='ltr'>συνόδοις</span> <span class='ocrx_word' id='word_1_50' title='bbox 895 665 974 703; x_wconf 82' lang='grc' dir='ltr'>τοῖς</span> <span class='ocrx_word' id='word_1_51' title='bbox 995 663 1171 702; x_wconf 81' lang='grc' dir='ltr'>ἀδικοῦσι</span> <span class='ocrx_word' id='word_1_52' title='bbox 1192 663 1364 714; x_wconf 73' lang='grc' dir='ltr'>Ιφίλους.</span> 
     </span>
     <span class='ocr_line' id='line_1_9' title="bbox 346 728 1501 782; baseline -0.001 -13"><span class='ocrx_word' id='word_1_53' title='bbox 346 732 466 769; x_wconf 82' lang='grc' dir='ltr'>ταῦτα</span> <span class='ocrx_word' id='word_1_54' title='bbox 485 731 559 779; x_wconf 80' lang='grc' dir='ltr'>μὲν</span> <span class='ocrx_word' id='word_1_55' title='bbox 582 731 624 768; x_wconf 86' lang='grc' dir='ltr'>ἐν</span> <span class='ocrx_word' id='word_1_56' title='bbox 645 728 749 782; x_wconf 88' lang='grc' dir='ltr'>δήμῳ</span> <span class='ocrx_word' id='word_1_57' title='bbox 772 729 984 780; x_wconf 78' lang='grc' dir='ltr'>στρέφεται</span> <span class='ocrx_word' id='word_1_58' title='bbox 1007 729 1115 769; x_wconf 83' lang='grc' dir='ltr'>κακά·</span> <span class='ocrx_word' id='word_1_59' title='bbox 1145 733 1222 769; x_wconf 86' lang='grc' dir='ltr'>τῶν</span> <span class='ocrx_word' id='word_1_60' title='bbox 1244 731 1284 769; x_wconf 82' lang='grc' dir='ltr'>δὲ</span> <span class='ocrx_word' id='word_1_61' title='bbox 1307 733 1501 781; x_wconf 86' lang='grc' dir='ltr'>πενιχρῶν</span> 
     </span>
     <span class='ocr_line' id='line_1_10' title="bbox 407 797 1804 848; baseline 0.004 -12"><span class='ocrx_word' id='word_1_62' title='bbox 407 798 601 836; x_wconf 82' lang='grc' dir='ltr'>ἱκνοῦνται</span> <span class='ocrx_word' id='word_1_63' title='bbox 621 797 766 836; x_wconf 87' lang='grc' dir='ltr'>πολλοὶ</span> <span class='ocrx_word' id='word_1_64' title='bbox 787 800 906 848; x_wconf 86' lang='grc' dir='ltr'>γαῖαν</span> <span class='ocrx_word' id='word_1_65' title='bbox 928 798 967 839; x_wconf 83' lang='grc' dir='ltr'>ἐς</span> <span class='ocrx_word' id='word_1_66' title='bbox 988 797 1220 847; x_wconf 81' lang='grc' dir='ltr'>ἀλλοδαπὴν</span> <span class='ocrx_word' id='word_1_67' title='bbox 1765 820 1804 841; x_wconf 83' lang='lat'>20</span> 
     </span>
     <span class='ocr_line' id='line_1_11' title="bbox 346 863 1318 916; baseline 0 -12"><span class='ocrx_word' id='word_1_68' title='bbox 346 864 560 916; x_wconf 83' lang='grc' dir='ltr'>πραθέντες</span> <span class='ocrx_word' id='word_1_69' title='bbox 581 865 767 914; x_wconf 87' lang='grc' dir='ltr'>δεσμοῖσί</span> <span class='ocrx_word' id='word_1_70' title='bbox 784 863 814 903; x_wconf 78' lang='grc' dir='ltr'>τ’</span> <span class='ocrx_word' id='word_1_71' title='bbox 837 865 1089 904; x_wconf 55' lang='grc' dir='ltr'>Ξάεικελίοισι</span> <span class='ocrx_word' id='word_1_72' title='bbox 1109 864 1318 907; x_wconf 63' lang='grc' dir='ltr'>ὶδεθέντες.</span> 
     </span>
     <span class='ocr_line' id='line_1_12' title="bbox 347 931 1300 986; baseline -0.001 -14"><span class='ocrx_word' id='word_1_73' title='bbox 347 934 445 973; x_wconf 77' lang='grc' dir='ltr'>οὕτω</span> <span class='ocrx_word' id='word_1_74' title='bbox 467 933 655 983; x_wconf 91' lang='grc' dir='ltr'>δημόσιον</span> <span class='ocrx_word' id='word_1_75' title='bbox 676 932 796 972; x_wconf 86' lang='grc' dir='ltr'>κακὸν</span> <span class='ocrx_word' id='word_1_76' title='bbox 817 933 974 985; x_wconf 82' lang='grc' dir='ltr'>ἔρχεται</span> <span class='ocrx_word' id='word_1_77' title='bbox 995 931 1112 972; x_wconf 80' lang='grc' dir='ltr'>οἴκαδ’</span> <span class='ocrx_word' id='word_1_78' title='bbox 1136 932 1300 986; x_wconf 81' lang='grc' dir='ltr'>ἑκάστῳ,</span> 
     </span>
     <span class='ocr_line' id='line_1_13' title="bbox 404 998 1280 1052; baseline 0 -13"><span class='ocrx_word' id='word_1_79' title='bbox 404 1001 554 1040; x_wconf 78' lang='grc' dir='ltr'>αὕλειοι</span> <span class='ocrx_word' id='word_1_80' title='bbox 573 999 632 1039; x_wconf 64' lang='lat'>1¹5³</span> <span class='ocrx_word' id='word_1_81' title='bbox 655 998 706 1039; x_wconf 82' lang='grc' dir='ltr'>ἔτ’</span> <span class='ocrx_word' id='word_1_82' title='bbox 730 999 839 1052; x_wconf 81' lang='grc' dir='ltr'>ἔχειν</span> <span class='ocrx_word' id='word_1_83' title='bbox 859 999 928 1039; x_wconf 83' lang='grc' dir='ltr'>οὐκ</span> <span class='ocrx_word' id='word_1_84' title='bbox 951 999 1135 1039; x_wconf 86' lang='grc' dir='ltr'>ἐθέλουσι</span> <span class='ocrx_word' id='word_1_85' title='bbox 1157 1000 1280 1051; x_wconf 69' lang='grc' dir='ltr'>θύραι,</span> 
     </span>
     <span class='ocr_line' id='line_1_14' title="bbox 346 1066 1506 1118; baseline 0.003 -12"><span class='ocrx_word' id='word_1_86' title='bbox 346 1066 506 1118; x_wconf 79' lang='grc' dir='ltr'>ὑψηλὸν</span> <span class='ocrx_word' id='word_1_87' title='bbox 527 1066 558 1106; x_wconf 82' lang='grc' dir='ltr'>δ’</span> <span class='ocrx_word' id='word_1_88' title='bbox 581 1067 712 1118; x_wconf 50' lang='grc' dir='ltr'>νΨὺπέρ</span> <span class='ocrx_word' id='word_1_89' title='bbox 735 1067 845 1118; x_wconf 84' lang='grc' dir='ltr'>ἕρκος</span> <span class='ocrx_word' id='word_1_90' title='bbox 866 1066 1121 1118; x_wconf 68' lang='grc' dir='ltr'>Χὺπέρθορεν,</span> <span class='ocrx_word' id='word_1_91' title='bbox 1146 1067 1232 1118; x_wconf 78' lang='grc' dir='ltr'>εὗρε</span> <span class='ocrx_word' id='word_1_92' title='bbox 1254 1068 1295 1106; x_wconf 86' lang='grc' dir='ltr'>δὲ</span> <span class='ocrx_word' id='word_1_93' title='bbox 1316 1066 1506 1113; x_wconf 72' lang='grc' dir='ltr'>Υπάντως,</span> 
     </span>
    </p>
   </div>
   <div class='ocr_carea' id='block_1_3' title="bbox 851 1133 1050 1156">
    <p class='ocr_par' dir='ltr' id='par_1_3' title="bbox 851 1133 1050 1156">
     <span class='ocr_line' id='line_1_15' title="bbox 851 1133 1050 1156; baseline 0 -12"><span class='ocrx_word' id='word_1_94' title='bbox 851 1133 868 1156; x_wconf 66' lang='lat' dir='ltr'>b</span> <span class='ocrx_word' id='word_1_95' title='bbox 1032 1136 1050 1144; x_wconf 47' lang='grc' dir='ltr'>Α</span> 
     </span>
    </p>
   </div>
   <div class='ocr_carea' id='block_1_4' title="bbox 139 1131 1802 1188">
    <p class='ocr_par' dir='ltr' id='par_1_4' title="bbox 139 1131 1802 1188">
     <span class='ocr_line' id='line_1_16' title="bbox 139 1131 1802 1188; baseline 0.002 -16"><span class='ocrx_word' id='word_1_96' title='bbox 139 1134 219 1186; x_wconf 87' lang='lat'>289</span> <span class='ocrx_word' id='word_1_97' title='bbox 407 1135 468 1174; x_wconf 75' lang='grc' dir='ltr'><em>Ζεῖ</em></span> <span class='ocrx_word' id='word_1_98' title='bbox 488 1134 578 1173; x_wconf 60' lang='grc' dir='ltr'>ἃκαί</span> <span class='ocrx_word' id='word_1_99' title='bbox 595 1150 650 1175; x_wconf 88' lang='grc' dir='ltr'>τις</span> <span class='ocrx_word' id='word_1_100' title='bbox 671 1134 830 1185; x_wconf 85' lang='grc' dir='ltr'>φεύγων</span> <span class='ocrx_word' id='word_1_101' title='bbox 878 1135 921 1173; x_wconf 81' lang='grc' dir='ltr'>ἐν</span> <span class='ocrx_word' id='word_1_102' title='bbox 940 1150 1049 1188; x_wconf 88' lang='grc' dir='ltr'>μυχῳ</span> <span class='ocrx_word' id='word_1_103' title='bbox 1072 1131 1121 1184; x_wconf 61' lang='lat' dir='ltr'>Cf}</span> <span class='ocrx_word' id='word_1_104' title='bbox 1142 1133 1332 1184; x_wconf 86' lang='grc' dir='ltr'>θαλάμου.</span> <span class='ocrx_word' id='word_1_105' title='bbox 1763 1154 1802 1184; x_wconf 77' lang='lat'>25</span> 
     </span>
    </p>
   </div>
   <div class='ocr_carea' id='block_1_5' title="bbox 347 1199 1885 1757">
    <p class='ocr_par' dir='ltr' id='par_1_5' title="bbox 347 1199 1885 1757">
     <span class='ocr_line' id='line_1_17' title="bbox 347 1199 1281 1252; baseline 0.001 -11"><span class='ocrx_word' id='word_1_106' title='bbox 347 1205 468 1242; x_wconf 86' lang='grc' dir='ltr'>ταῦτα</span> <span class='ocrx_word' id='word_1_107' title='bbox 488 1199 639 1250; x_wconf 80' lang='grc' dir='ltr'>διδάξαι</span> <span class='ocrx_word' id='word_1_108' title='bbox 662 1201 778 1252; x_wconf 87' lang='grc' dir='ltr'>θυμὸς</span> <span class='ocrx_word' id='word_1_109' title='bbox 798 1199 1029 1251; x_wconf 86' lang='grc' dir='ltr'>Ἀθηναίους</span> <span class='ocrx_word' id='word_1_110' title='bbox 1049 1219 1097 1252; x_wconf 90' lang='grc' dir='ltr'>με</span> <span class='ocrx_word' id='word_1_111' title='bbox 1120 1203 1281 1248; x_wconf 83' lang='grc' dir='ltr'>κελεύει,</span> 
     </span>
     <span class='ocr_line' id='line_1_18' title="bbox 405 1269 1358 1323; baseline -0.002 -12"><span class='ocrx_word' id='word_1_112' title='bbox 405 1270 456 1311; x_wconf 83' lang='grc' dir='ltr'>ὣς</span> <span class='ocrx_word' id='word_1_113' title='bbox 477 1269 493 1293; x_wconf 79' lang='lat'>‘¹</span> <span class='ocrx_word' id='word_1_114' title='bbox 504 1271 601 1309; x_wconf 84' lang='grc' dir='ltr'>κακὰ</span> <span class='ocrx_word' id='word_1_115' title='bbox 620 1273 791 1309; x_wconf 86' lang='grc' dir='ltr'>πλεῖστα</span> <span class='ocrx_word' id='word_1_116' title='bbox 811 1270 928 1309; x_wconf 92' lang='grc' dir='ltr'>πόλει</span> <span class='ocrx_word' id='word_1_117' title='bbox 949 1271 1159 1321; x_wconf 71' lang='grc' dir='ltr'>ρδυσνομίη</span> <span class='ocrx_word' id='word_1_118' title='bbox 1181 1270 1358 1323; x_wconf 84' lang='grc' dir='ltr'>παρέχει,</span> 
     </span>
     <span class='ocr_line' id='line_1_19' title="bbox 348 1335 1350 1388; baseline -0.001 -11"><span class='ocrx_word' id='word_1_119' title='bbox 348 1337 505 1388; x_wconf 81' lang='grc' dir='ltr'>εὐνομίη</span> <span class='ocrx_word' id='word_1_120' title='bbox 528 1335 556 1376; x_wconf 85' lang='grc' dir='ltr'>δ’</span> <span class='ocrx_word' id='word_1_121' title='bbox 582 1337 753 1387; x_wconf 79' lang='grc' dir='ltr'>εὔκοσμα</span> <span class='ocrx_word' id='word_1_122' title='bbox 776 1338 837 1376; x_wconf 84' lang='grc' dir='ltr'>καὶ</span> <span class='ocrx_word' id='word_1_123' title='bbox 858 1337 970 1388; x_wconf 79' lang='grc' dir='ltr'>ἄρτια</span> <span class='ocrx_word' id='word_1_124' title='bbox 990 1335 1101 1376; x_wconf 84' lang='grc' dir='ltr'>πάντ’</span> <span class='ocrx_word' id='word_1_125' title='bbox 1125 1337 1350 1388; x_wconf 83' lang='grc' dir='ltr'>ἀποφαίνει,</span> 
     </span>
     <span class='ocr_line' id='line_1_20' title="bbox 405 1405 1265 1456; baseline 0.002 -11"><span class='ocrx_word' id='word_1_126' title='bbox 405 1406 467 1445; x_wconf 89' lang='grc' dir='ltr'>καὶ</span> <span class='ocrx_word' id='word_1_127' title='bbox 490 1408 593 1454; x_wconf 79' lang='grc' dir='ltr'>θαμὰ</span> <span class='ocrx_word' id='word_1_128' title='bbox 613 1408 694 1446; x_wconf 84' lang='grc' dir='ltr'>τοῖς</span> <span class='ocrx_word' id='word_1_129' title='bbox 716 1405 860 1446; x_wconf 87' lang='grc' dir='ltr'>ἀδίκοις</span> <span class='ocrx_word' id='word_1_130' title='bbox 881 1406 1111 1456; x_wconf 74' lang='grc' dir='ltr'>ἀμφιτίθησι</span> <span class='ocrx_word' id='word_1_131' title='bbox 1133 1405 1265 1451; x_wconf 82' lang='grc' dir='ltr'>πέδας,</span> 
     </span>
     <span class='ocr_line' id='line_1_21' title="bbox 347 1471 1885 1536; baseline 0.001 -25"><span class='ocrx_word' id='word_1_132' title='bbox 347 1471 495 1525; x_wconf 85' lang='grc' dir='ltr'>τραχέα</span> <span class='ocrx_word' id='word_1_133' title='bbox 516 1471 714 1520; x_wconf 59' lang='grc' dir='ltr'>Ῑλειαίνει,</span> <span class='ocrx_word' id='word_1_134' title='bbox 737 1472 852 1511; x_wconf 86' lang='grc' dir='ltr'>παύει</span> <span class='ocrx_word' id='word_1_135' title='bbox 875 1473 1002 1522; x_wconf 80' lang='grc' dir='ltr'>κόρον,</span> <span class='ocrx_word' id='word_1_136' title='bbox 1026 1473 1142 1523; x_wconf 79' lang='grc' dir='ltr'>ὕβριν</span> <span class='ocrx_word' id='word_1_137' title='bbox 1163 1473 1339 1524; x_wconf 83' lang='grc' dir='ltr'>ἀμαυροῖ,</span> <span class='ocrx_word' id='word_1_138' title='bbox 1764 1494 1846 1536; x_wconf 83' lang='lat'>423</span> <span class='ocrx_word' id='word_1_139' title='bbox 1882 1491 1885 1526; x_wconf 57' lang='grc' dir='ltr'>ς</span> 
     </span>
     <span class='ocr_line' id='line_1_22' title="bbox 406 1540 1078 1591; baseline 0 -11"><span class='ocrx_word' id='word_1_140' title='bbox 406 1541 556 1581; x_wconf 82' lang='grc' dir='ltr'>αὐαίνει</span> <span class='ocrx_word' id='word_1_141' title='bbox 579 1540 608 1580; x_wconf 83' lang='grc' dir='ltr'>δ’</span> <span class='ocrx_word' id='word_1_142' title='bbox 632 1541 722 1590; x_wconf 84' lang='grc' dir='ltr'>ἄτης</span> <span class='ocrx_word' id='word_1_143' title='bbox 743 1540 865 1580; x_wconf 79' lang='grc' dir='ltr'>ἄνθεα</span> <span class='ocrx_word' id='word_1_144' title='bbox 887 1541 1078 1591; x_wconf 83' lang='grc' dir='ltr'>φυόμενα,</span> 
     </span>
     <span class='ocr_line' id='line_1_23' title="bbox 350 1607 1313 1660; baseline -0.001 -11"><span class='ocrx_word' id='word_1_145' title='bbox 350 1609 500 1649; x_wconf 83' lang='grc' dir='ltr'>εὐθύνει</span> <span class='ocrx_word' id='word_1_146' title='bbox 521 1609 562 1648; x_wconf 81' lang='grc' dir='ltr'>δὲ</span> <span class='ocrx_word' id='word_1_147' title='bbox 585 1610 690 1650; x_wconf 87' lang='grc' dir='ltr'>δίκας</span> <span class='ocrx_word' id='word_1_148' title='bbox 711 1610 886 1653; x_wconf 83' lang='grc' dir='ltr'>σκολιὰς,</span> <span class='ocrx_word' id='word_1_149' title='bbox 910 1608 1143 1660; x_wconf 84' lang='grc' dir='ltr'>ὑπερήφανά</span> <span class='ocrx_word' id='word_1_150' title='bbox 1164 1607 1193 1648; x_wconf 85' lang='grc' dir='ltr'>τ’</span> <span class='ocrx_word' id='word_1_151' title='bbox 1217 1609 1313 1660; x_wconf 83' lang='grc' dir='ltr'>ἔργα</span> 
     </span>
     <span class='ocr_line' id='line_1_24' title="bbox 403 1674 1176 1728; baseline 0.001 -12"><span class='ocrx_word' id='word_1_152' title='bbox 403 1674 578 1728; x_wconf 68' lang='grc' dir='ltr'>πραΰνει,</span> <span class='ocrx_word' id='word_1_153' title='bbox 602 1677 717 1716; x_wconf 87' lang='grc' dir='ltr'>παύει</span> <span class='ocrx_word' id='word_1_154' title='bbox 737 1675 768 1716; x_wconf 87' lang='grc' dir='ltr'>δ’</span> <span class='ocrx_word' id='word_1_155' title='bbox 793 1675 890 1727; x_wconf 84' lang='grc' dir='ltr'>ἔργα</span> <span class='ocrx_word' id='word_1_156' title='bbox 911 1676 1176 1728; x_wconf 75' lang='grc' dir='ltr'>διχοστασίης,</span> 
     </span>
     <span class='ocr_line' id='line_1_25' title="bbox 1198 1742 1357 1757; baseline 0.013 -2"><span class='ocrx_word' id='word_1_157' title='bbox 1198 1742 1206 1755; x_wconf 66' lang='lat'>²</span> <span class='ocrx_word' id='word_1_158' title='bbox 1239 1745 1248 1756; x_wconf 63' lang='lat' dir='ltr'>f</span> <span class='ocrx_word' id='word_1_159' title='bbox 1281 1742 1290 1756; x_wconf 60' lang='grc' dir='ltr'><strong><em>Ἴ</em></strong></span> <span class='ocrx_word' id='word_1_160' title='bbox 1348 1743 1357 1757; x_wconf 63' lang='grc'><strong>9</strong></span> 
     </span>
    </p>
   </div>
   <div class='ocr_carea' id='block_1_6' title="bbox 346 1741 1429 1863">
    <p class='ocr_par' dir='ltr' id='par_1_6' title="bbox 346 1741 1429 1863">
     <span class='ocr_line' id='line_1_26' title="bbox 346 1741 1429 1796; baseline 0.002 -13"><span class='ocrx_word' id='word_1_161' title='bbox 346 1744 460 1783; x_wconf 87' lang='grc' dir='ltr'>παύει</span> <span class='ocrx_word' id='word_1_162' title='bbox 483 1741 513 1783; x_wconf 82' lang='grc' dir='ltr'>δ’</span> <span class='ocrx_word' id='word_1_163' title='bbox 537 1742 736 1795; x_wconf 83' lang='grc' dir='ltr'>ἀργαλέης</span> <span class='ocrx_word' id='word_1_164' title='bbox 758 1744 880 1795; x_wconf 83' lang='grc' dir='ltr'>ἔριδος</span> <span class='ocrx_word' id='word_1_165' title='bbox 900 1745 1037 1796; x_wconf 92' lang='grc' dir='ltr'>χόλον·</span> <span class='ocrx_word' id='word_1_166' title='bbox 1071 1743 1156 1783; x_wconf 79' lang='grc' dir='ltr'>ἔστι</span> <span class='ocrx_word' id='word_1_167' title='bbox 1177 1746 1197 1783; x_wconf 91' lang='grc' dir='ltr'>δ</span> <span class='ocrx_word' id='word_1_168' title='bbox 1229 1760 1280 1783; x_wconf 87' lang='grc' dir='ltr'>υπ</span> <span class='ocrx_word' id='word_1_169' title='bbox 1314 1746 1429 1793; x_wconf 86' lang='grc' dir='ltr'>αυτῆς</span> 
     </span>
     <span class='ocr_line' id='line_1_27' title="bbox 403 1810 1294 1863; baseline 0 -12"><span class='ocrx_word' id='word_1_170' title='bbox 403 1811 556 1851; x_wconf 56' lang='grc' dir='ltr'>ξπάντα</span> <span class='ocrx_word' id='word_1_171' title='bbox 579 1810 658 1850; x_wconf 81' lang='grc' dir='ltr'>κατ’</span> <span class='ocrx_word' id='word_1_172' title='bbox 682 1812 907 1863; x_wconf 83' lang='grc' dir='ltr'>ἀνθρώπους</span> <span class='ocrx_word' id='word_1_173' title='bbox 927 1812 1040 1862; x_wconf 77' lang='grc' dir='ltr'>ἄρτια</span> <span class='ocrx_word' id='word_1_174' title='bbox 1061 1811 1123 1851; x_wconf 87' lang='grc' dir='ltr'>καὶ</span> <span class='ocrx_word' id='word_1_175' title='bbox 1144 1811 1294 1851; x_wconf 81' lang='grc' dir='ltr'>πινυτά.</span> 
     </span>
    </p>
   </div>
   <div class='ocr_carea' id='block_1_7' title="bbox 137 1925 1753 2082">
    <p class='ocr_par' dir='ltr' id='par_1_7' title="bbox 137 1925 1753 2082">
     <span class='ocr_line' id='line_1_28' title="bbox 137 1925 1751 1996; baseline 0.002 -19"><span class='ocrx_word' id='word_1_176' title='bbox 137 1949 220 1991; x_wconf 79' lang='lat'>290</span> <span class='ocrx_word' id='word_1_177' title='bbox 305 1928 537 1990; x_wconf 78' lang='grc' dir='ltr'>Ἀκούετε,</span> <span class='ocrx_word' id='word_1_178' title='bbox 558 1925 595 1978; x_wconf 71' lang='grc' dir='ltr'><em>ὦ</em></span> <span class='ocrx_word' id='word_1_179' title='bbox 621 1928 784 1995; x_wconf 78' lang='grc' dir='ltr'>ἄνδρες</span> <span class='ocrx_word' id='word_1_180' title='bbox 809 1930 1065 1993; x_wconf 81' lang='grc' dir='ltr'>Ἀθηναῖοι,</span> <span class='ocrx_word' id='word_1_181' title='bbox 1084 1932 1190 1996; x_wconf 81' lang='grc' dir='ltr'>περὶ</span> <span class='ocrx_word' id='word_1_182' title='bbox 1215 1934 1309 1980; x_wconf 75' lang='grc' dir='ltr'>τῶν</span> <span class='ocrx_word' id='word_1_183' title='bbox 1328 1928 1551 1980; x_wconf 84' lang='grc' dir='ltr'>τοιούτων</span> <span class='ocrx_word' id='word_1_184' title='bbox 1570 1928 1751 1995; x_wconf 80' lang='grc' dir='ltr'>ἀνθρώ-</span> 
     </span>
     <span class='ocr_line' id='line_1_29' title="bbox 230 2012 1753 2082; baseline -0.001 -17"><span class='ocrx_word' id='word_1_185' title='bbox 230 2037 335 2065; x_wconf 87' lang='grc' dir='ltr'>πων</span> <span class='ocrx_word' id='word_1_186' title='bbox 361 2012 435 2064; x_wconf 74' lang='grc' dir='ltr'>οῗα</span> <span class='ocrx_word' id='word_1_187' title='bbox 462 2013 630 2064; x_wconf 82' lang='grc' dir='ltr'>Σόλων</span> <span class='ocrx_word' id='word_1_188' title='bbox 663 2013 805 2078; x_wconf 70' lang='grc' dir='ltr'>λέγει,</span> <span class='ocrx_word' id='word_1_189' title='bbox 838 2016 912 2064; x_wconf 81' lang='grc' dir='ltr'>καὶ</span> <span class='ocrx_word' id='word_1_190' title='bbox 950 2018 1054 2080; x_wconf 80' lang='grc' dir='ltr'>περὶ</span> <span class='ocrx_word' id='word_1_191' title='bbox 1093 2020 1186 2065; x_wconf 80' lang='grc' dir='ltr'>τῶν</span> <span class='ocrx_word' id='word_1_192' title='bbox 1225 2019 1354 2076; x_wconf 80' lang='grc' dir='ltr'>θεῶν,</span> <span class='ocrx_word' id='word_1_193' title='bbox 1389 2015 1467 2067; x_wconf 79' lang='grc' dir='ltr'>οὕς</span> <span class='ocrx_word' id='word_1_194' title='bbox 1504 2017 1628 2082; x_wconf 86' lang='grc' dir='ltr'>φησι</span> <span class='ocrx_word' id='word_1_195' title='bbox 1665 2012 1753 2077; x_wconf 86' lang='grc' dir='ltr'>τὴν</span> 
     </span>
    </p>
   </div>
   <div class='ocr_carea' id='block_1_8' title="bbox 231 2095 1805 2163">
    <p class='ocr_par' dir='ltr' id='par_1_8' title="bbox 231 2095 1805 2163">
     <span class='ocr_line' id='line_1_30' title="bbox 231 2095 1805 2163; baseline 0.001 -14"><span class='ocrx_word' id='word_1_196' title='bbox 231 2097 375 2149; x_wconf 86' lang='grc' dir='ltr'>πόλιν</span> <span class='ocrx_word' id='word_1_197' title='bbox 413 2096 593 2162; x_wconf 74' lang='grc' dir='ltr'>σώζειν.</span> <span class='ocrx_word' id='word_1_198' title='bbox 656 2096 748 2162; x_wconf 73' lang='grc' dir='ltr'>ἐγὼ</span> <span class='ocrx_word' id='word_1_199' title='bbox 787 2101 828 2148; x_wconf 84' lang='grc' dir='ltr'>δ’</span> <span class='ocrx_word' id='word_1_200' title='bbox 863 2097 960 2149; x_wconf 70' lang='grc' dir='ltr'>1ὀἰεὶ</span> <span class='ocrx_word' id='word_1_201' title='bbox 998 2098 1083 2161; x_wconf 72' lang='grc' dir='ltr'>μὲν</span> <span class='ocrx_word' id='word_1_202' title='bbox 1117 2095 1292 2162; x_wconf 76' lang='grc' dir='ltr'>ἰοἰληθῆ</span> <span class='ocrx_word' id='word_1_203' title='bbox 1330 2099 1412 2148; x_wconf 83' lang='grc' dir='ltr'>τὸν</span> <span class='ocrx_word' id='word_1_204' title='bbox 1451 2098 1599 2163; x_wconf 87' lang='grc' dir='ltr'>λόγον</span> <span class='ocrx_word' id='word_1_205' title='bbox 1636 2103 1742 2148; x_wconf 88' lang='grc' dir='ltr'>τοῦ·</span> <span class='ocrx_word' id='word_1_206' title='bbox 1767 2130 1805 2151; x_wconf 78' lang='grc' dir='ltr'>ιο</span> 
     </span>
    </p>
   </div>
   <div class='ocr_carea' id='block_1_9' title="bbox 285 2277 1746 2327">
    <p class='ocr_par' dir='ltr' id='par_1_9' title="bbox 285 2277 1746 2327">
     <span class='ocr_line' id='line_1_31' title="bbox 285 2277 1746 2327; baseline -0.001 -13"><span class='ocrx_word' id='word_1_207' title='bbox 285 2277 295 2305; x_wconf 89' lang='lat' dir='ltr'>l</span> <span class='ocrx_word' id='word_1_208' title='bbox 316 2279 548 2324; x_wconf 81' lang='grc' dir='ltr'>ἀποτισομένη</span> <span class='ocrx_word' id='word_1_209' title='bbox 570 2279 610 2314; x_wconf 89' lang='grc' dir='ltr'>Β.</span> <span class='ocrx_word' id='word_1_210' title='bbox 633 2292 653 2314; x_wconf 83' lang='lat' dir='ltr'>a</span> <span class='ocrx_word' id='word_1_211' title='bbox 672 2291 739 2315; x_wconf 80' lang='lat' dir='ltr'>rec.</span> <span class='ocrx_word' id='word_1_212' title='bbox 762 2292 868 2315; x_wconf 88' lang='lat' dir='ltr'>manu</span> <span class='ocrx_word' id='word_1_213' title='bbox 889 2287 1078 2316; x_wconf 77' lang='lat' dir='ltr'>correctus.</span> <span class='ocrx_word' id='word_1_214' title='bbox 1109 2280 1341 2324; x_wconf 80' lang='grc' dir='ltr'>ἀποτισαμένη</span> <span class='ocrx_word' id='word_1_215' title='bbox 1361 2280 1478 2327; x_wconf 86' lang='lat' dir='ltr'>vulgo.</span> <span class='ocrx_word' id='word_1_216' title='bbox 1550 2285 1580 2305; x_wconf 78' lang='lat'>1¹¹</span> <span class='ocrx_word' id='word_1_217' title='bbox 1601 2277 1746 2325; x_wconf 85' lang='grc' dir='ltr'>ταχέως]</span> 
     </span>
    </p>
   </div>
   <div class='ocr_carea' id='block_1_10' title="bbox 231 2331 1752 2628">
    <p class='ocr_par' dir='ltr' id='par_1_10' title="bbox 231 2331 1752 2628">
     <span class='ocr_line' id='line_1_32' title="bbox 231 2331 1748 2381; baseline -0.001 -13"><span class='ocrx_word' id='word_1_218' title='bbox 231 2334 315 2370; x_wconf 74' lang='grc' dir='ltr'>τέως</span> <span class='ocrx_word' id='word_1_219' title='bbox 335 2334 420 2369; x_wconf 77' lang='grc' dir='ltr'>Ο.ι·ι.</span> <span class='ocrx_word' id='word_1_220' title='bbox 512 2340 531 2357; x_wconf 83' lang='lat'>¹¹</span> <span class='ocrx_word' id='word_1_221' title='bbox 552 2334 569 2377; x_wconf 89' lang='grc' dir='ltr'>ἢ</span> <span class='ocrx_word' id='word_1_222' title='bbox 593 2334 768 2373; x_wconf 66' lang='lat' dir='ltr'><strong>F.Y.Q‚u.</strong></span> <span class='ocrx_word' id='word_1_223' title='bbox 799 2335 817 2378; x_wconf 82' lang='grc' dir='ltr'>ἣ</span> <span class='ocrx_word' id='word_1_224' title='bbox 837 2336 954 2381; x_wconf 76' lang='lat' dir='ltr'>vulgo.</span> <span class='ocrx_word' id='word_1_225' title='bbox 1042 2341 1060 2359; x_wconf 93' lang='lat'>0</span> <span class='ocrx_word' id='word_1_226' title='bbox 1080 2333 1262 2380; x_wconf 85' lang='grc' dir='ltr'>ἐπεγείρει]</span> <span class='ocrx_word' id='word_1_227' title='bbox 1288 2335 1472 2380; x_wconf 82' lang='grc' dir='ltr'>ἐπεγείρειν</span> <span class='ocrx_word' id='word_1_228' title='bbox 1493 2333 1582 2372; x_wconf 85' lang='lat' dir='ltr'>B.Q.</span> <span class='ocrx_word' id='word_1_229' title='bbox 1613 2331 1748 2378; x_wconf 80' lang='grc' dir='ltr'>ἐπαγεί-</span> 
     </span>
     <span class='ocr_line' id='line_1_33' title="bbox 231 2384 1747 2434; baseline 0.001 -13"><span class='ocrx_word' id='word_1_230' title='bbox 231 2402 302 2432; x_wconf 84' lang='grc' dir='ltr'>ρειν</span> <span class='ocrx_word' id='word_1_231' title='bbox 322 2388 437 2422; x_wconf 86' lang='lat' dir='ltr'><strong>F.Y.r.</strong></span> <span class='ocrx_word' id='word_1_232' title='bbox 539 2392 558 2420; x_wconf 86' lang='lat' dir='ltr'>P</span> <span class='ocrx_word' id='word_1_233' title='bbox 579 2387 716 2432; x_wconf 78' lang='grc' dir='ltr'>ἐρατὴν]</span> <span class='ocrx_word' id='word_1_234' title='bbox 740 2388 867 2432; x_wconf 84' lang='grc' dir='ltr'>ε’ρατῶν</span> <span class='ocrx_word' id='word_1_235' title='bbox 887 2389 928 2423; x_wconf 88' lang='lat' dir='ltr'>Y.</span> <span class='ocrx_word' id='word_1_236' title='bbox 1040 2394 1059 2422; x_wconf 78' lang='lat' dir='ltr'>q</span> <span class='ocrx_word' id='word_1_237' title='bbox 1079 2388 1257 2434; x_wconf 76' lang='grc' dir='ltr'>τρύχεται]</span> <span class='ocrx_word' id='word_1_238' title='bbox 1280 2386 1414 2434; x_wconf 79' lang='grc' dir='ltr'>τρύχετ’</span> <span class='ocrx_word' id='word_1_239' title='bbox 1435 2401 1462 2422; x_wconf 89' lang='lat' dir='ltr'>r.</span> <span class='ocrx_word' id='word_1_240' title='bbox 1570 2393 1585 2412; x_wconf 68' lang='grc' dir='ltr'><strong>Γ</strong></span> <span class='ocrx_word' id='word_1_241' title='bbox 1603 2384 1747 2432; x_wconf 80' lang='grc' dir='ltr'>φίλους]</span> 
     </span>
     <span class='ocr_line' id='line_1_34' title="bbox 231 2450 1749 2520; baseline -0.001 -12"><span class='ocrx_word' id='word_1_242' title='bbox 231 2450 358 2519; x_wconf 61' lang='grc' dir='ltr'>φίλάυςς</span> <span class='ocrx_word' id='word_1_243' title='bbox 376 2479 404 2508; x_wconf 79' lang='lat' dir='ltr'>t.</span> <span class='ocrx_word' id='word_1_244' title='bbox 435 2473 552 2518; x_wconf 78' lang='grc' dir='ltr'>φίλοις</span> <span class='ocrx_word' id='word_1_245' title='bbox 571 2473 695 2512; x_wconf 80' lang='lat' dir='ltr'>Y.Q.1·.</span> <span class='ocrx_word' id='word_1_246' title='bbox 726 2475 939 2520; x_wconf 86' lang='grc' dir='ltr'>φιλεταίροις</span> <span class='ocrx_word' id='word_1_247' title='bbox 960 2474 1041 2510; x_wconf 86' lang='lat' dir='ltr'>O.u.</span> <span class='ocrx_word' id='word_1_248' title='bbox 1182 2479 1196 2498; x_wconf 76' lang='lat' dir='ltr'>S</span> <span class='ocrx_word' id='word_1_249' title='bbox 1216 2473 1431 2520; x_wconf 83' lang='grc' dir='ltr'>ἀεικελίοισι]</span> <span class='ocrx_word' id='word_1_250' title='bbox 1455 2473 1653 2508; x_wconf 80' lang='grc' dir='ltr'>ἀεικλείοισι</span> <span class='ocrx_word' id='word_1_251' title='bbox 1671 2472 1749 2512; x_wconf 81' lang='lat' dir='ltr'>Q.1·.</span> 
     </span>
     <span class='ocr_line' id='line_1_35' title="bbox 232 2526 1752 2574; baseline -0.001 -12"><span class='ocrx_word' id='word_1_252' title='bbox 232 2526 247 2552; x_wconf 66' lang='lat' dir='ltr'><strong>t</strong></span> <span class='ocrx_word' id='word_1_253' title='bbox 267 2527 436 2573; x_wconf 84' lang='grc' dir='ltr'>δεθέντες]</span> <span class='ocrx_word' id='word_1_254' title='bbox 461 2526 616 2562; x_wconf 85' lang='grc' dir='ltr'>δοθέντες</span> <span class='ocrx_word' id='word_1_255' title='bbox 635 2527 836 2562; x_wconf 76' lang='lat' dir='ltr'>F.Y.O.r.V.</span> <span class='ocrx_word' id='word_1_256' title='bbox 962 2536 980 2554; x_wconf 81' lang='lat'>¹¹</span> <span class='ocrx_word' id='word_1_257' title='bbox 1001 2529 1029 2563; x_wconf 73' lang='grc' dir='ltr'>δ’</span> <span class='ocrx_word' id='word_1_258' title='bbox 1051 2527 1114 2574; x_wconf 78' lang='grc' dir='ltr'>ἔτ’]</span> <span class='ocrx_word' id='word_1_259' title='bbox 1139 2527 1168 2562; x_wconf 73' lang='grc' dir='ltr'>δ’</span> <span class='ocrx_word' id='word_1_260' title='bbox 1189 2527 1237 2561; x_wconf 73' lang='grc' dir='ltr'>ὅτ’</span> <span class='ocrx_word' id='word_1_261' title='bbox 1257 2528 1380 2567; x_wconf 85' lang='lat' dir='ltr'><strong>Y.Q.r.</strong></span> <span class='ocrx_word' id='word_1_262' title='bbox 1504 2533 1533 2551; x_wconf 80' lang='lat' dir='ltr'>W</span> <span class='ocrx_word' id='word_1_263' title='bbox 1553 2527 1637 2573; x_wconf 75' lang='grc' dir='ltr'>ὑπὲρ</span> <span class='ocrx_word' id='word_1_264' title='bbox 1657 2526 1752 2572; x_wconf 83' lang='grc' dir='ltr'>ἕρκος</span> 
     </span>
     <span class='ocr_line' id='line_1_36' title="bbox 232 2580 1751 2628; baseline -0.001 -13"><span class='ocrx_word' id='word_1_265' title='bbox 232 2593 303 2616; x_wconf 89' lang='lat' dir='ltr'>om.</span> <span class='ocrx_word' id='word_1_266' title='bbox 324 2594 359 2616; x_wconf 90' lang='lat' dir='ltr'>u.</span> <span class='ocrx_word' id='word_1_267' title='bbox 437 2589 453 2606; x_wconf 61' lang='grc' dir='ltr'><strong>Χ</strong></span> <span class='ocrx_word' id='word_1_268' title='bbox 476 2580 677 2628; x_wconf 81' lang='grc' dir='ltr'>ὑπέρθορεν]</span> <span class='ocrx_word' id='word_1_269' title='bbox 702 2581 892 2627; x_wconf 83' lang='grc' dir='ltr'>ὑπέρθυρον</span> <span class='ocrx_word' id='word_1_270' title='bbox 910 2594 938 2616; x_wconf 91' lang='lat' dir='ltr'>r.</span> <span class='ocrx_word' id='word_1_271' title='bbox 1022 2590 1042 2619; x_wconf 77' lang='lat' dir='ltr'>y</span> <span class='ocrx_word' id='word_1_272' title='bbox 1062 2581 1212 2628; x_wconf 84' lang='grc' dir='ltr'>πάντως]</span> <span class='ocrx_word' id='word_1_273' title='bbox 1237 2583 1371 2616; x_wconf 87' lang='grc' dir='ltr'>πάντων</span> <span class='ocrx_word' id='word_1_274' title='bbox 1389 2581 1507 2627; x_wconf 89' lang='lat' dir='ltr'><strong>vulgo.</strong></span> <span class='ocrx_word' id='word_1_275' title='bbox 1543 2580 1751 2615; x_wconf 77' lang='lat' dir='ltr'><strong>correctum</strong></span> 
     </span>
    </p>
   </div>
   <div class='ocr_carea' id='block_1_11' title="bbox 232 2633 1754 2736">
    <p class='ocr_par' dir='ltr' id='par_1_11' title="bbox 232 2633 1754 2736">
     <span class='ocr_line' id='line_1_37' title="bbox 232 2633 1750 2681; baseline -0.001 -12"><span class='ocrx_word' id='word_1_276' title='bbox 232 2647 276 2669; x_wconf 82' lang='lat' dir='ltr'>ex</span> <span class='ocrx_word' id='word_1_277' title='bbox 296 2636 372 2669; x_wconf 83' lang='lat' dir='ltr'><strong>cod.</strong></span> <span class='ocrx_word' id='word_1_278' title='bbox 390 2633 596 2675; x_wconf 84' lang='lat' dir='ltr'>Bodleiano,</span> <span class='ocrx_word' id='word_1_279' title='bbox 613 2646 655 2668; x_wconf 80' lang='lat' dir='ltr'>ex</span> <span class='ocrx_word' id='word_1_280' title='bbox 675 2647 746 2680; x_wconf 88' lang='lat' dir='ltr'>quo</span> <span class='ocrx_word' id='word_1_281' title='bbox 765 2635 935 2681; x_wconf 82' lang='lat' dir='ltr'><strong>Taylorus</strong></span> <span class='ocrx_word' id='word_1_282' title='bbox 955 2636 1136 2670; x_wconf 79' lang='lat' dir='ltr'>annotavit</span> <span class='ocrx_word' id='word_1_283' title='bbox 1154 2636 1281 2670; x_wconf 81' lang='grc' dir='ltr'>πάντας</span> <span class='ocrx_word' id='word_1_284' title='bbox 1301 2634 1319 2678; x_wconf 83' lang='grc' dir='ltr'>ἢ</span> <span class='ocrx_word' id='word_1_285' title='bbox 1340 2635 1486 2670; x_wconf 85' lang='grc' dir='ltr'>πάντως.</span> <span class='ocrx_word' id='word_1_286' title='bbox 1559 2639 1578 2658; x_wconf 84' lang='grc' dir='ltr'><strong><em>Ζ</em></strong></span> <span class='ocrx_word' id='word_1_287' title='bbox 1598 2633 1644 2680; x_wconf 83' lang='grc' dir='ltr'>εἰ]</span> <span class='ocrx_word' id='word_1_288' title='bbox 1667 2633 1687 2677; x_wconf 88' lang='grc' dir='ltr'>ἡ</span> <span class='ocrx_word' id='word_1_289' title='bbox 1706 2633 1750 2667; x_wconf 90' lang='lat' dir='ltr'>Y.</span> 
     </span>
     <span class='ocr_line' id='line_1_38' title="bbox 233 2683 1754 2736; baseline 0 -14"><span class='ocrx_word' id='word_1_290' title='bbox 233 2693 252 2713; x_wconf 74' lang='grc' dir='ltr'><strong>ἢ</strong></span> <span class='ocrx_word' id='word_1_291' title='bbox 275 2689 330 2722; x_wconf 88' lang='grc' dir='ltr'>καί</span> <span class='ocrx_word' id='word_1_292' title='bbox 355 2700 551 2733; x_wconf 79' lang='lat' dir='ltr'>anonymus</span> <span class='ocrx_word' id='word_1_293' title='bbox 579 2688 613 2722; x_wconf 84' lang='lat' dir='ltr'>in</span> <span class='ocrx_word' id='word_1_294' title='bbox 638 2689 796 2734; x_wconf 86' lang='lat' dir='ltr'>margine</span> <span class='ocrx_word' id='word_1_295' title='bbox 822 2689 901 2723; x_wconf 82' lang='lat' dir='ltr'>libri</span> <span class='ocrx_word' id='word_1_296' title='bbox 925 2689 1156 2736; x_wconf 81' lang='lat' dir='ltr'>Lessingiani.</span> <span class='ocrx_word' id='word_1_297' title='bbox 1204 2689 1404 2735; x_wconf 81' lang='lat' dir='ltr'>Legebatur</span> <span class='ocrx_word' id='word_1_298' title='bbox 1428 2703 1480 2733; x_wconf 80' lang='grc' dir='ltr'>γε.</span> <span class='ocrx_word' id='word_1_299' title='bbox 1528 2685 1561 2722; x_wconf 74' lang='grc' dir='ltr'>εἴ</span> <span class='ocrx_word' id='word_1_300' title='bbox 1585 2688 1627 2732; x_wconf 80' lang='grc' dir='ltr'>γε’</span> <span class='ocrx_word' id='word_1_301' title='bbox 1651 2700 1704 2722; x_wconf 83' lang='grc' dir='ltr'>τις</span> <span class='ocrx_word' id='word_1_302' title='bbox 1730 2683 1754 2730; x_wconf 73' lang='grc' dir='ltr'><strong><em>ᾖ</em></strong></span> 
     </span>
    </p>
   </div>
   <div class='ocr_carea' id='block_1_12' title="bbox 1817 0 1903 2752">
    <p class='ocr_par' dir='ltr' id='par_1_12' title="bbox 1817 0 1903 2752">
     <span class='ocr_line' id='line_1_39' title="bbox 1817 0 1903 2752; baseline 0 0"><span class='ocrx_word' id='word_1_303' title='bbox 1817 0 1903 2752; x_wconf 95' lang='lat' dir='ltr'> </span> 
     </span>
    </p>
   </div>
   <div class='ocr_carea' id='block_1_13' title="bbox 231 2738 1752 2896">
    <p class='ocr_par' dir='ltr' id='par_1_13' title="bbox 231 2738 1752 2896">
     <span class='ocr_line' id='line_1_40' title="bbox 232 2738 1748 2787; baseline -0.001 -11"><span class='ocrx_word' id='word_1_304' title='bbox 232 2741 393 2776; x_wconf 86' lang='lat' dir='ltr'>Wolfius.</span> <span class='ocrx_word' id='word_1_305' title='bbox 492 2739 511 2766; x_wconf 93' lang='lat' dir='ltr'>b</span> <span class='ocrx_word' id='word_1_306' title='bbox 533 2741 584 2787; x_wconf 76' lang='grc' dir='ltr'>ἐν]</span> <span class='ocrx_word' id='word_1_307' title='bbox 608 2741 626 2784; x_wconf 88' lang='grc' dir='ltr'>ἢ</span> <span class='ocrx_word' id='word_1_308' title='bbox 646 2754 674 2775; x_wconf 90' lang='lat' dir='ltr'>r.</span> <span class='ocrx_word' id='word_1_309' title='bbox 763 2748 779 2767; x_wconf 79' lang='lat'><strong>⁰</strong></span> <span class='ocrx_word' id='word_1_310' title='bbox 798 2738 819 2785; x_wconf 79' lang='grc' dir='ltr'><em>ᾖ</em></span> <span class='ocrx_word' id='word_1_311' title='bbox 839 2743 992 2786; x_wconf 86' lang='grc' dir='ltr'>θαλάμου</span> <span class='ocrx_word' id='word_1_312' title='bbox 1014 2742 1299 2777; x_wconf 79' lang='lat' dir='ltr'>Schneidewinus</span> <span class='ocrx_word' id='word_1_313' title='bbox 1318 2742 1355 2775; x_wconf 89' lang='lat' dir='ltr'>in</span> <span class='ocrx_word' id='word_1_314' title='bbox 1376 2742 1525 2776; x_wconf 84' lang='lat' dir='ltr'><strong>Deleetu</strong></span> <span class='ocrx_word' id='word_1_315' title='bbox 1544 2745 1639 2787; x_wconf 84' lang='lat' dir='ltr'>poet.</span> <span class='ocrx_word' id='word_1_316' title='bbox 1660 2741 1748 2787; x_wconf 85' lang='lat' dir='ltr'>eleg.</span> 
     </span>
     <span class='ocr_line' id='line_1_41' title="bbox 231 2794 1752 2843; baseline -0.001 -14"><span class='ocrx_word' id='word_1_317' title='bbox 231 2806 267 2840; x_wconf 81' lang='lat' dir='ltr'>p.</span> <span class='ocrx_word' id='word_1_318' title='bbox 290 2795 372 2843; x_wconf 86' lang='lat'>169.</span> <span class='ocrx_word' id='word_1_319' title='bbox 408 2795 609 2841; x_wconf 82' lang='lat' dir='ltr'><strong>Legebatur</strong></span> <span class='ocrx_word' id='word_1_320' title='bbox 628 2794 646 2837; x_wconf 80' lang='grc' dir='ltr'>ἢ</span> <span class='ocrx_word' id='word_1_321' title='bbox 667 2796 819 2842; x_wconf 84' lang='grc' dir='ltr'>θαλάμῳ.</span> <span class='ocrx_word' id='word_1_322' title='bbox 930 2797 944 2818; x_wconf 77' lang='lat'>‘¹</span> <span class='ocrx_word' id='word_1_323' title='bbox 964 2797 1047 2831; x_wconf 86' lang='grc' dir='ltr'>κακὰ</span> <span class='ocrx_word' id='word_1_324' title='bbox 1065 2795 1231 2841; x_wconf 84' lang='grc' dir='ltr'>πλεῖστα]</span> <span class='ocrx_word' id='word_1_325' title='bbox 1256 2796 1341 2829; x_wconf 88' lang='grc' dir='ltr'>καλὰ</span> <span class='ocrx_word' id='word_1_326' title='bbox 1359 2797 1510 2829; x_wconf 86' lang='grc' dir='ltr'>πλεῖστα</span> <span class='ocrx_word' id='word_1_327' title='bbox 1529 2807 1565 2829; x_wconf 90' lang='lat' dir='ltr'>u.</span> <span class='ocrx_word' id='word_1_328' title='bbox 1599 2795 1752 2828; x_wconf 84' lang='grc' dir='ltr'>πλεῖστα</span> 
     </span>
     <span class='ocr_line' id='line_1_42' title="bbox 232 2845 1748 2896; baseline -0.001 -15"><span class='ocrx_word' id='word_1_329' title='bbox 232 2849 315 2882; x_wconf 83' lang='grc' dir='ltr'>κακὰ</span> <span class='ocrx_word' id='word_1_330' title='bbox 333 2861 361 2883; x_wconf 93' lang='lat' dir='ltr'>r.</span> <span class='ocrx_word' id='word_1_331' title='bbox 492 2854 508 2873; x_wconf 85' lang='lat' dir='ltr'>e</span> <span class='ocrx_word' id='word_1_332' title='bbox 529 2849 886 2894; x_wconf 73' lang='grc' dir='ltr'>δυσνομίη-εὐνομίη</span> <span class='ocrx_word' id='word_1_333' title='bbox 908 2850 1093 2896; x_wconf 83' lang='lat' dir='ltr'>Bergkius.</span> <span class='ocrx_word' id='word_1_334' title='bbox 1134 2849 1358 2883; x_wconf 82' lang='lat' dir='ltr'><strong>scribebatur</strong></span> <span class='ocrx_word' id='word_1_335' title='bbox 1377 2845 1748 2892; x_wconf 73' lang='grc' dir='ltr'>δυσνομίη-εὐνομία.</span> 
     </span>
    </p>
   </div>
   <div class='ocr_carea' id='block_1_14' title="bbox 233 2897 1745 3001">
    <p class='ocr_par' dir='ltr' id='par_1_14' title="bbox 233 2897 1745 3001">
     <span class='ocr_line' id='line_1_43' title="bbox 233 2897 1745 2949; baseline -0.001 -14"><span class='ocrx_word' id='word_1_336' title='bbox 233 2900 249 2927; x_wconf 80' lang='lat' dir='ltr'>f</span> <span class='ocrx_word' id='word_1_337' title='bbox 264 2901 421 2948; x_wconf 76' lang='grc' dir='ltr'>λειαίνει]</span> <span class='ocrx_word' id='word_1_338' title='bbox 445 2901 472 2936; x_wconf 76' lang='grc' dir='ltr'>δ’</span> <span class='ocrx_word' id='word_1_339' title='bbox 495 2902 590 2936; x_wconf 81' lang='grc' dir='ltr'>ἷαίνει</span> <span class='ocrx_word' id='word_1_340' title='bbox 611 2902 685 2940; x_wconf 85' lang='lat' dir='ltr'><strong>Q.r.</strong></span> <span class='ocrx_word' id='word_1_341' title='bbox 756 2908 777 2936; x_wconf 72' lang='lat' dir='ltr'>g</span> <span class='ocrx_word' id='word_1_342' title='bbox 796 2903 923 2949; x_wconf 84' lang='grc' dir='ltr'>πάντα]</span> <span class='ocrx_word' id='word_1_343' title='bbox 947 2904 1074 2938; x_wconf 82' lang='grc' dir='ltr'>πάντας</span> <span class='ocrx_word' id='word_1_344' title='bbox 1095 2903 1138 2937; x_wconf 90' lang='grc' dir='ltr'>Ο.</span> <span class='ocrx_word' id='word_1_345' title='bbox 1210 2901 1228 2927; x_wconf 78' lang='lat' dir='ltr'>h</span> <span class='ocrx_word' id='word_1_346' title='bbox 1248 2902 1298 2936; x_wconf 77' lang='grc' dir='ltr'>ἀεὶ</span> <span class='ocrx_word' id='word_1_347' title='bbox 1319 2914 1388 2937; x_wconf 87' lang='lat' dir='ltr'>om.</span> <span class='ocrx_word' id='word_1_348' title='bbox 1409 2902 1522 2936; x_wconf 89' lang='lat' dir='ltr'><strong>A.k.s.</strong></span> <span class='ocrx_word' id='word_1_349' title='bbox 1588 2897 1599 2925; x_wconf 68' lang='lat' dir='ltr'>i</span> <span class='ocrx_word' id='word_1_350' title='bbox 1618 2898 1745 2945; x_wconf 79' lang='grc' dir='ltr'>ἀληθῆ]</span> 
     </span>
     <span class='ocr_line' id='line_1_44' title="bbox 234 2952 1672 3001; baseline -0.001 -13"><span class='ocrx_word' id='word_1_351' title='bbox 234 2955 434 3000; x_wconf 77' lang='lat' dir='ltr'>Legebatur</span> <span class='ocrx_word' id='word_1_352' title='bbox 454 2953 537 2990; x_wconf 80' lang='grc' dir='ltr'>εἶναι</span> <span class='ocrx_word' id='word_1_353' title='bbox 556 2955 676 2997; x_wconf 80' lang='grc' dir='ltr'>ἀληθῆ.</span> <span class='ocrx_word' id='word_1_354' title='bbox 712 2952 795 2990; x_wconf 77' lang='grc' dir='ltr'>εἶναι</span> <span class='ocrx_word' id='word_1_355' title='bbox 815 2969 886 2992; x_wconf 86' lang='lat' dir='ltr'>om.</span> <span class='ocrx_word' id='word_1_356' title='bbox 909 2956 1198 2995; x_wconf 84' lang='lat' dir='ltr'><strong>F.S.Y.Q.O.t.v.</strong></span> <span class='ocrx_word' id='word_1_357' title='bbox 1221 2961 1302 2990; x_wconf 84' lang='lat' dir='ltr'><strong>ante</strong></span> <span class='ocrx_word' id='word_1_358' title='bbox 1321 2956 1383 2999; x_wconf 79' lang='grc' dir='ltr'>μέν</span> <span class='ocrx_word' id='word_1_359' title='bbox 1401 2960 1540 3001; x_wconf 83' lang='lat' dir='ltr'>ponunt</span> <span class='ocrx_word' id='word_1_360' title='bbox 1557 2954 1672 2989; x_wconf 87' lang='lat' dir='ltr'><strong>A.k.s.</strong></span> 
     </span>
    </p>
   </div>
  </div>
 </body>
</html>
