1903 3271
219 157 303 196 452
763 162 1189 201 ΔΗΜΟΣΘΕΝΟΎΣ
1325 162 1407 202 On.
1429 161 1569 202 XIX.
1589 176 1630 217 p.
1645 173 1744 216 427,
1760 178 1800 204 26

118 268 520 336 307¹²<pav2x6repa
555 270 653 322 ἰκαὶ
688 272 858 340 ἀνάξια
895 277 989 323 τῶν
1026 272 1273 339 προγόνων
1307 274 1509 338 ποιήσει.
1571 276 1620 325 τί
1654 276 1735 326 οὖν

1077 354 1096 381 k

214 353 374 403 ἐκεῖνοι
410 356 513 419 περὶ
553 354 729 405 τούτων
763 355 1025 423 ἐφρόνουν;
1113 358 1245 407 ταυτὶ
1283 357 1450 418 λαβὼν
1484 359 1735 423 ἀνάγνωθι,

1237 442 1247 456 ³
1283 442 1297 458 Χ

214 444 505 503 γραμματεῦ·
556 441 627 489 δεῖ
659 438 753 504 γὰρ
790 441 907 501 ὑμᾶς
940 439 1077 490 1ἰδεῖν
1117 439 1186 490 ὅτι
1225 463 1299 490 επι
1334 447 1474 494 ῐῘιτοῖς
1512 441 1735 496 τοιούτοις

213 521 366 587 ἔργοις
409 523 668 589 ῥᾳθυμεῖτε,
718 520 783 573 ὧν
833 521 1035 573 θάνατον
1087 524 1438 588 κατεγνώκασιν
1481 532 1500 550 “
1518 528 1560 575 οἱ
1609 524 1729 591 πρό-

214 626 359 668 γονοι.
417 604 574 669 ολε’γε.
1860 643 1866 647 -

853 694 1101 735 ΡΣΤΗΛΗ.
1747 698 1830 751 428
1862 680 1873 712 ‘³

118 779 202 835 308
289 775 521 838 Ἀκούετε,
558 774 594 827 ὦ
634 777 797 843 ἄνδρες
830 778 1086 840 Ἀθηναῖοι,
1112 782 1207 828 τῶν
1236 778 1528 844 γραμμάτων
1561 779 1731 845 λεγόν·

215 882 310 909 των
329 857 594 924 θ”Αρθμιον
613 859 719 911 Γτὸν
744 861 1060 914 Πυθώνακτος
1079 861 1162 912 τὸν
1186 863 1409 926 Ζελείτην
1431 862 1601 929 ἐχθρὸν
1623 862 1737 915 εἶναι

215 946 291 994 καὶ
317 944 545 1005 πολέμιον
571 949 653 993 τοῦ
680 943 829 1007 δήμου
855 950 967 995 Ξτοῦ
1000 946 1265 1009 Ἀθηναίων
1301 948 1375 996 καὶ
1413 951 1507 996 τῶν
1538 947 1730 1011 συμμά-
1750 973 1767 1003 5

214 1049 314 1094 χων
352 1025 522 1077 ῑαύτὸν
559 1029 672 1077 ιικαὶ
711 1027 844 1093 γένος
881 1033 1025 1080 Χπᾶν.
1092 1028 1168 1079 διὰ
1205 1031 1253 1079 τί
1269 1051 1280 1090 3
1327 1029 1398 1080 ὅτι
1435 1028 1518 1080 τὸν
1556 1030 1739 1097 χρυσὸν

213 1109 321 1160 )’τὸν
347 1111 395 1160 ἐκ
422 1114 516 1160 τῶν
542 1110 802 1176 βαρβάρων
830 1116 892 1165 εἷς
924 1111 1031 1166 τοὺς
1049 1110 1299 1177 ’Έλληνας
1326 1112 1519 1179 ἤγαγεν.
1573 1115 1738 1164 οὐκοῦν

214 1193 359 1257 ἔστιν,
400 1196 462 1248 ὡς
502 1195 661 1258 ἔοικεν,
701 1197 750 1245 ἐκ
790 1196 967 1246 τούτων
1007 1198 1117 1247 ἰδεῖν
1156 1196 1226 1247 ὅτι
1272 1200 1313 1247 οἱ
1357 1197 1583 1263 πρόγονοι
1621 1196 1740 1259 Ζμὲν

215 1279 387 1341 “”“ὑμῶν,
426 1278 554 1331 ὅπως
591 1280 696 1342 μηδ’
727 1279 879 1333 ἄλλος
911 1280 1172 1347 ἀνθρώπων
1197 1282 1383 1346 Ῐ)μηδεῖς
1416 1283 1491 1332 ἐπὶ
1525 1281 1739 1349 χρήμασι

214 1361 359 1426 μηδὲν
393 1361 674 1428 εέργάσεται
714 1363 857 1414 κακὸν
895 1364 981 1428 τὴν
1018 1364 1252 1428 Ἐλλάδα,
1291 1364 1574 1433 ἐφρόντιζον,
1614 1368 1793 1430 ὑμεῖςιο

216 1445 265 1497 δὲ
291 1445 394 1496 οὐδὲ
423 1445 509 1510 τὴν
534 1446 678 1497 πόλιν
703 1447 849 1511 αὐτὴν
883 1447 1009 1502 ὅπως
1045 1450 1203 1512 μηδεὶς
1237 1452 1332 1499 τῶν
1365 1452 1576 1499 πολιτῶν
1602 1446 1733 1499 dd&-

119 1547 202 1590 309
217 1529 351 1594 κήσει
392 1535 681 1597 προορᾶσθε.
752 1531 806 1594 νὴ
848 1533 946 1594 Δί’,
985 1534 1099 1582 ἀλλ’
1140 1531 1266 1586 ὅπως
1306 1532 1452 1599 ἔτυχε,
1492 1538 1640 1583 ταῦτα
1680 1532 1740 1583 τὰ

215 1615 459 1683 γράμμαθ’
488 1617 698 1680 ἕστηκεν.
757 1618 871 1667 ἀλλ’
899 1617 1015 1680 ὅλης
1049 1619 1194 1681 οὔσης
1234 1621 1356 1683 ἱερᾶς
1388 1620 1470 1681 τῆς
1500 1617 1733 1684 θάκροπό-

216 1706 337 1753 λεως
369 1701 570 1763 ταυτησὶ
606 1701 681 1750 καὶ
715 1698 907 1763 πολλὴν
942 1701 1226 1767 εὐρυχωρίαν
1257 1701 1458 1768 ἐχούσης
1490 1701 1621 1768 παρὰ
1654 1700 1740 1766 τὴν

1095 1782 1110 1810 f

216 1786 403 1851 χαλκῆν
447 1782 533 1847 τὴν
577 1782 793 1848 μεγάλην
840 1788 1050 1848 Ἀθηνᾶν
1124 1787 1172 1835 ἐκ
1223 1785 1378 1853 δεξιᾶς
1428 1785 1638 1850 ἕστηκεν,
1681 1784 1790 1850 ἢν·5

218 1870 453 1934 ἀριστεῖον
479 1868 507 1931 ἡ
533 1866 675 1921 πόλις
698 1873 782 1918 τοῦ
808 1867 928 1932 πρὸς
953 1867 1060 1922 τοὺς
1085 1868 1359 1935 βαρβάρους
1384 1870 1608 1932 πολέμου,
1635 1869 1740 1921 δόν-

218 1973 313 2002 των
348 1956 474 2002 8τῶν
508 1951 764 2015 “Ελλήνων
801 1951 861 2002 τὰ
899 1951 1119 2019 χρήματα
1157 1954 1299 2016 ταῦτ’,
1339 1954 1571 2018 ἀνέθηκεν.
1635 1953 1740 2006 τότε

219 2035 304 2098 μὲν
341 2037 496 2086 τοίνυν
535 2037 654 2086 οὕτω
700 2036 878 2099 σεμνὸν
919 2035 977 2100 ἦν
1014 2036 1068 2087 τὸ
1108 2038 1284 2088 δίκαιον
1323 2040 1398 2089 καὶ
1436 2037 1490 2089 τὸ
1529 2036 1741 2105 κολάζειν

352 2117 372 2145 h

219 2117 327 2172 τοὺς
388 2119 447 2170 τὰ
473 2125 664 2171 τοιαῦτα
688 2125 938 2173 ποιοῦντας
963 2119 1161 2184 ἔντιμον,
1190 2119 1317 2171 ὥστε
1351 2124 1433 2185 τῆς
1464 2122 1606 2185 αὐτῆς
1634 2122 1735 2191 ἠξι-

276 2302 295 2331 h
317 2307 532 2353 φαυλότερα]
558 2309 777 2353 φλαυρότερα
797 2320 824 2341 r.
901 2305 911 2332 i
931 2308 1001 2354 καὶ]
1025 2323 1062 2342 τε
1082 2310 1135 2343 καὶ
1155 2308 1337 2348 F.Y.Q.O.
1405 2305 1425 2334 k
1445 2308 1557 2354 ταυτὶ]
1580 2307 1684 2353 ταὺτη
1704 2321 1738 2343 u.
1902 2306 1903 2329 ¹

222 2355 231 2385 Ῑ
253 2358 335 2393 ἷδεῖν
357 2360 393 2394 S.
436 2361 636 2406 Legebatur
655 2361 788 2394 εἰδέναι.
919 2367 949 2386 Π]
969 2364 1040 2397 τοῖς
1059 2374 1128 2397 om.
1151 2363 1233 2397 A.k.
1363 2368 1382 2386 ὓ
1403 2362 1451 2408 οἱ]
1477 2362 1568 2405 ὑμῶν
1588 2364 1619 2396 οἶ
1637 2363 1739 2398 A.r.s.

221 2412 293 2446 καθ’
315 2413 406 2457 ὑμῶν
426 2415 457 2447 οἷ
476 2415 512 2449 k.
589 2420 607 2438 0
627 2414 707 2459 λέγε
728 2426 797 2448 om.
814 2415 926 2448 A.k.S.
1010 2421 1029 2448 Ι)
1051 2415 1220 2461 ΣΤΗΑΗ]
1243 2417 1422 2461 γράμματα
1442 2416 1552 2459 στὴλη
1573 2428 1600 2450 r.
1630 2417 1739 2462 γράμ·

220 2480 309 2510 ματα
331 2467 374 2506 Q.
404 2482 584 2513 γραμματα
605 2468 747 2513 ἐκλογῆς
767 2468 1007 2502 8.Ῡ.Ο.1;.ιι.ν.
1123 2475 1142 2502 q
1158 2469 1343 2516 ”Αρθμιον]
1368 2469 1511 2514 ι’ίριθμον
1529 2476 1554 2503 t.
1585 2468 1741 2513 ἆρίθμιον

221 2520 301 2554 A.k.
398 2526 413 2545 ¹·
433 2521 622 2567 rhu—rbv]
650 2521 735 2555 Vide
756 2534 833 2567 quae
854 2523 899 2556 ad
918 2535 953 2568 p.
979 2533 1063 2562 121,
1084 2530 1142 2569 27.
1165 2523 1248 2557 dixi.
1335 2528 1349 2547 S
1369 2525 1430 2556 τοῦ
1449 2522 1650 2569 Ἀθηναίων]
1673 2527 1741 2557 τῶν

221 2589 385 2633 ἀθηναίων
406 2590 550 2625 O.r.t.u.
652 2593 665 2617 t
684 2592 803 2638 αὐτὸν]
829 2592 939 2625 αὐτῶν
959 2592 1046 2631 F.Q.
1077 2586 1187 2626 ιιύτῗῖν
1205 2593 1242 2627 k.
1344 2598 1365 2617 ¹1
1385 2593 1438 2626 καὶ
1456 2593 1554 2637 γένος
1573 2605 1594 2626 a
1611 2604 1659 2626 m.
1680 2605 1741 2627 an·

221 2643 320 2689 tiqua
338 2644 510 2679 insertum
530 2645 566 2679 in
589 2645 622 2679 S,
766 2652 779 2666 Χ
801 2645 885 2691 πᾶν]
910 2644 998 2679 ἅπαν
1018 2647 1056 2680 F.
1196 2653 1205 2675 5⁷
1232 2647 1292 2680 τὸν
1311 2658 1381 2680 om.
1405 2646 1740 2685 F.S.Y.Q.O.t.u.v.

222 2701 240 2721 Ζ
259 2698 321 2740 μὲν
340 2710 409 2732 om.
431 2711 460 2733 1¹.
626 2704 645 2723 a
665 2699 774 2745 ὑμῶν]
799 2699 890 2743 ἡμῶν
911 2699 1271 2739 F.S.Y.Q.O.1·.t.u.v.
1429 2695 1448 2724 b
1468 2700 1582 2743 μηδεὶς
1602 2712 1672 2734 om.
1694 2699 1739 2739 Q.

223 2755 239 2774 c
259 2750 440 2795 ἐργάσεται
454 2752 584 2786 A.S.Y.
602 2758 637 2786 et
656 2765 707 2798 pr.
726 2752 761 2786 k.
788 2753 974 2799 ἐργάσηται
989 2754 1106 2799 vulgo.
1138 2754 1243 2792 Quod
1264 2765 1434 2799 superser.
1451 2754 1487 2786 in
1510 2754 1544 2787 S.
1631 2749 1650 2778 d
1669 2752 1740 2787 ἀδι-

224 2829 318 2872 κήσει
338 2831 551 2866 A.F.S.Y.k.
583 2815 735 2875 ἀδικήσεηι
755 2844 784 2867 s.
815 2831 958 2876 ἀδικήσῃ
978 2833 1098 2878 vulgo.
1259 2838 1274 2857 θ
1294 2832 1524 2878 ἀκροπόλεως]
1549 2835 1682 2869 πόλεως
1702 2834 1737 2868 k.

223 2880 290 2959 ξιὲκ
309 2884 420 2928 δεξιᾶς
440 2885 694 2924 A.S.Y.Q.k.s.
725 2886 819 2930 δεξιᾶ
839 2898 873 2921 u.
905 2886 940 2920 ἐν
959 2887 1053 2931 δεξιᾷ
1072 2887 1189 2932 vulgo.
1374 2891 1394 2920 ἕ
1413 2889 1481 2921 τῶν
1500 2899 1569 2921 om.
1591 2886 1736 2922 O.t.u.V.

265 2937 304 2970 τὰ
325 2949 393 2971 om.
415 2944 474 2972 t.v.
