1903 3271
236 172 319 211 404
772 172 1197 210 ΔΗΜΟΣΘΕΝΟΎΣ
1339 169 1422 208 OR.
1444 166 1582 207 XIX.
1607 182 1647 222 p.
1663 167 1788 221 384‚1

236 286 310 334 καὶ
353 282 854 351 φιλανθρωπευόμενος
904 282 1022 347 πρὸς
1066 280 1230 334 αὐτοὺς
1273 282 1298 330 ὃ
1342 281 1580 332 Φίλιππος
1624 279 1755 329 ἄλλα

236 390 285 418 τε
331 366 388 431 δὴ
431 366 608 429 πολλὰ,
659 366 756 417 οἷον
806 367 1086 432 αἰχμάλωτα
1137 366 1212 415 καὶ
1260 369 1498 424 ἆτοιαῦτα,
1551 365 1627 413 καὶ
1675 386 1751 414 τε·

238 455 416 501 λευτῶν
454 451 685 514 ἐκπώματ’
720 452 901 515 ἀργυρᾶ
939 451 1013 498 καὶ
1057 451 1216 514 χρυσᾶ
1252 445 1542 512 1)προῦπινεν
1580 447 1747 499 αὐτοῖς.

237 533 419 585 επάντα
456 539 603 584 ταῦτα
642 535 800 583 ἐκεῖνοι
839 530 858 557 ‘¹
870 534 1144 582 διεωθοῦντο
1185 533 1260 580 καὶ
1298 531 1502 597 θούδαμῇ
1539 529 1807 595 προΐεντοι5

1737 612 1757 633 ‘²⁸

146 630 223 672 153
239 617 460 670 fe‘avrov'y.
512 621 744 667 τελευτῶν
771 615 819 666 δὲ
845 616 1023 677 Φίλων,
1051 613 1113 668 εἷς
1144 619 1237 665 τῶν
1267 614 1530 680 πρέσβεων,
1557 611 1697 676 εἶπεν,
1722 636 1759 663 ω

239 702 401 768 ἄνδρες
435 703 694 765 Ἀθηναῖοι,
726 708 746 737 g
762 698 911 765 λόγον
947 701 1034 766 οὐχ
1068 697 1181 764 ὑπὲρ
1207 697 1480 761 1’Θηβαίωῃ
1507 698 1616 747 ἀλλ’
1646 696 1761 763 ὑπὲρ

240 789 368 851 ὑμῶν
404 785 539 854 ἄξιον
576 788 805 850 εἰρῆσθαι.
858 784 949 850 ἔφη
984 783 1078 849 γὰρ
1112 782 1194 834 τὸν
1227 784 1471 833 Φίλιππον
1506 783 1628 847 ὁρῶν
1659 780 1762 831 ἰκαὶ

239 868 593 938 μεγαλοψύχως
644 871 720 919 καὶ
771 868 1121 936 φιλανθρώπως
1175 868 1341 934 ἔχοντα
1392 864 1544 931 ι““πρὸς
1596 863 1762 917 αὐτοὺς

239 954 436 1018 ἥδεσθαι
471 955 546 1003 καὶ
581 954 772 1019 χαίρειν·
817 953 946 1003 αὐτοὶ
980 951 1066 1015 μὲν
1099 953 1180 1002 οὖν
1212 951 1436 1017 ὑπάρχειν
1467 950 1592 1018 αὐτῷ
1625 949 1759 1017 φίλοι
1773 974 1814 996 20

240 1039 316 1087 καὶ
351 1037 476 1105 ξένοι
516 1038 591 1087 καὶ
627 1036 736 1087 ἄνευ
774 1041 868 1087 τῶν
900 1037 1063 1102 δώρων
1094 1037 1287 1097 τούτων,
1314 1039 1376 1088 εἷς
1403 1033 1450 1085 δὲ
1475 1032 1535 1084 τὰ
1562 1036 1642 1096 τῆς
1667 1032 1757 1084 πό-

1602 1115 1611 1143 1

240 1128 360 1175 λεως
392 1120 665 1187 πράγματα,
693 1122 741 1171 ἐν
767 1120 834 1173 οἷς
866 1118 924 1183 ἧν
955 1118 1073 1182 τότε,
1100 1118 1186 1183 τὴν
1213 1118 1576 1186 φιλανθρωπίαν
1623 1116 1765 1167 αὐτὸν

240 1207 403 1275 ἠξίουν
435 1204 609 1269 ταύτην
643 1205 916 1271 προσθέντα
951 1203 1084 1272 ἄξιόν
1117 1226 1161 1254 τι
1197 1204 1312 1253 ’11καῖ
1348 1203 1519 1252 Παὺτοῦ
1557 1202 1633 1252 καὶ
1669 1204 1765 1251 τῶν

242 1290 471 1354 Θηβαίων
521 1288 713 1357 πρᾶξαι,
761 1291 836 1339 καὶ
887 1288 1005 1352 ὅλην
1055 1295 1138 1338 οτε
1188 1286 1274 1350 τὴν
1323 1285 1467 1337 πόλιν
1517 1286 1638 1336 οὕτω
1688 1286 1764 1335 καὶ

149 1378 412 1442 154Ρσφεῖς
452 1372 729 1439 ὡμολόγουν
767 1372 1022 1440 (ῑὺπάρξειν
1061 1372 1201 1440 αὐτῷ.
1263 1372 1338 1421 καὶ
1376 1368 1471 1435 γάρ
1508 1376 1609 1419 ι’τοι
1647 1368 1759 1419 σκέ-
1776 1387 1814 1419 ²5
1877 1415 1879 1417 ,

243 1460 410 1525 ψασθε
446 1456 494 1506 τί
522 1460 618 1508 τοῖς
645 1456 874 1519 Θηβαίοις
905 1455 1097 1520 γέγονεν
1128 1455 1177 1504 ἐκ
1211 1453 1389 1504 τούτων
1423 1455 1498 1503 καὶ
1532 1453 1580 1502 τί
1610 1458 1760 1516 8συμ-

243 1541 431 1604 βέβηκε,
478 1542 553 1590 καὶ
601 1539 843 1590 θεάσασθε
893 1540 962 1589 ἐπ’
1010 1539 1150 1601 αὐτῆς
1201 1541 1283 1601 τῆς
1334 1538 1554 1601 ἀληθείας
1605 1536 1769 1599 ἡλίκον

245 1625 349 1675 ἐστὶ
382 1623 436 1674 τὸ
474 1622 539 1687 μὴ
573 1627 751 1674 πωλεῖν
786 1622 844 1673 τὰ
878 1625 960 1685 τῆς
994 1621 1213 1674 ἵπόλεως.
1267 1625 1456 1686 πρῶτον
1493 1619 1579 1682 μὲν
1613 1620 1769 1670 τοίνυν

246 1707 402 1774 εἰρήνη
432 1707 625 1772 γέγονεν
657 1707 811 1758 αὐτοῖς
844 1711 1046 1756 πονοῦσι
1081 1707 1158 1755 καὶ
1191 1704 1647 1770 ταλαιπωρουμένοις
1677 1703 1766 1768 ἤδη

246 1796 312 1861 τῷ
354 1791 550 1859 πολέμῳ
593 1792 666 1840 καὶ
708 1789 1000 1853 ἡττωμένοις,
1041 1786 1139 1839 εἶτα
1177 1793 1271 1838 τῶν
1308 1790 1528 1855 ιῙέχθρῶν
1567 1786 1768 1837 Φωκέων
1878 1773 1881 1777 .

247 1875 394 1942 ἄρδην
416 1874 612 1940 ὄλεθρος
639 1876 714 1924 καὶ
741 1872 867 1924 ὅλων
886 1877 980 1923 τῶν
1001 1877 1167 1939 τειχῶν
1188 1874 1262 1923 καὶ
1289 1876 1383 1922 τῶν
1406 1870 1595 1923 πόλεων
1614 1872 1768 1921 Χοἰναι-
1838 1891 1873 1947 δ’·
1902 1920 1903 1927 ,

246 1959 413 2025 ρέσεις.
470 1956 561 2025 ἆρα
600 1960 675 2008 καὶ
714 1955 836 2020 μόνα
872 1962 1050 2017 ταῦτα;
1099 1957 1152 2006 οὐ
1188 1955 1255 2019 μὰ
1287 1956 1384 2017 Δί’,
1411 1955 1521 2005 ἀλλ’
1551 1954 1616 2005 ε”τι
1649 1953 1769 2020 πρὸς
1851 1959 1867 1980 ς

248 2044 426 2097 τούτοις
463 2040 771 2109 Ὀρχομενὸς,
806 2040 1088 2107 ΥΚορώνεια,
1124 2047 1141 2066 ²
1162 2039 1364 2106 Κορσιά,
1400 2038 1454 2089 τὸ
1493 2041 1799 2106 ξιΤιλ(,ί)ωσ-5

305 2201 324 2220 ²³·
346 2193 502 2240 τοιαῦτα]
527 2194 569 2228 τὰ
588 2196 727 2228 τοιαῦτα
746 2192 1132 2231 A.F.Q.O.k.1·.s.t.u.v.
1319 2186 1334 2210 ¹²
1354 2186 1555 2233 προῦπινεν]
1577 2188 1774 2232 προῦτεινεν

252 2249 399 2283 O.t.u.v.
467 2253 482 2273 C
503 2249 613 2282 πάντα
633 2250 739 2280 ταῦτα
760 2246 840 2281 S.Y.
867 2247 973 2279 ταῦτα
991 2246 1101 2278 πάντα
1120 2244 1238 2289 vulgo.
1307 2239 1326 2267 d
1346 2241 1564 2287 διεωθοῦντο]
1588 2240 1773 2274 διωθοῦντο

251 2302 443 2337 A.O.k.r.s.
529 2307 545 2325 θ
566 2300 713 2346 οὐδαμῇ]
740 2300 895 2343 οὐδαμῶς
914 2311 941 2332 r.
1027 2295 1040 2322 f
1058 2296 1211 2342 ἑαυτούς]
1236 2312 1250 2330 ε
1270 2296 1361 2330 inter
1379 2307 1510 2335 versus,
1532 2294 1594 2328 sed
1613 2306 1632 2328 a
1652 2305 1704 2339 pr.
1725 2304 1772 2327 m.

251 2356 358 2390 habet
380 2355 414 2389 S.
542 2360 562 2387 g
581 2353 704 2399 λόγον]
727 2354 835 2398 λόγον
854 2351 891 2385 ὃν
911 2352 1002 2390 F.Q.
1124 2348 1144 2375 h
1166 2348 1341 2396 Θηβαίων]
1366 2349 1481 2392 θηβῶν
1500 2348 1579 2382 A.k.
1689 2343 1700 2371 i
1720 2346 1774 2380 καὶ

253 2409 371 2443 addidi
391 2420 434 2442 ex
453 2407 623 2442 A.S.Y.k.
690 2403 711 2431 k
731 2407 817 2451 πρὸς
836 2405 957 2440 αὐτοὺς
977 2417 1045 2438 om.
1067 2404 1102 2437 k.
1170 2401 1181 2428 Ῑ
1200 2404 1303 2437 αὐτὸν
1322 2415 1392 2437 om.
1413 2403 1447 2435 k.
1520 2407 1550 2426 [Β
1571 2401 1624 2435 καὶ
1643 2411 1712 2434 om.
1733 2400 1771 2435 k.

1022 2468 1042 2485 Τ

253 2502 274 2520 ¹1
293 2495 415 2542 αὑτοῦ]
436 2496 557 2529 ἑαυτοῦ
577 2496 619 2528 A.
744 2499 762 2518 0
782 2507 819 2526 τε
840 2493 990 2527 S.Y.k.s.
1021 2492 1056 2525 δέ
1078 2491 1117 2525 F.
1147 2492 1183 2525 δέ
1202 2492 1321 2536 vulgo.
1445 2495 1465 2523 P
1487 2489 1591 2534 σφεῖς
1611 2488 1648 2522 S.
1680 2488 1776 2532 σφᾶς

253 2550 359 2595 vulgo
380 2555 414 2583 et
434 2561 502 2582 ree.
525 2548 561 2582 S.
633 2553 652 2580 (l
673 2546 850 2592 ὑπάρξειν]
875 2546 1038 2591 ὑπάρχειν
1058 2545 1170 2579 A.k.s.
1242 2550 1257 2568 Γ
1276 2543 1346 2589 τοι]
1370 2558 1403 2577 τι
1423 2556 1450 2577 s.
1522 2547 1536 2566 ⁵
1557 2539 1771 2586 συμβέβηκε]

254 2603 332 2647 ἡμῖν
352 2601 549 2646 συμβέβηκε
569 2603 673 2636 A.r.S.
768 2599 781 2625 t
801 2601 934 2634 πόλεως
952 2599 1108 2633 A.S.k.S.
1139 2599 1272 2632 πόλεως
1289 2598 1472 2642 πράγματα
1490 2596 1610 2641 vulgo.
1645 2594 1777 2628 Addito

254 2656 438 2702 πράγματα
456 2668 491 2701 p.
506 2665 596 2699 412,
614 2665 674 2689 22.
713 2653 816 2688 Conf.
838 2653 882 2687 ad
901 2665 935 2698 p.
952 2652 1042 2692 218,
1063 2662 1118 2686 12.
1223 2657 1242 2676 υ
1264 2650 1396 2695 ἐχθρῶν
1416 2661 1486 2684 om.
1508 2650 1544 2683 k.
1645 2655 1661 2673 x
1683 2647 1774 2681 ἀναι-

254 2711 369 2754 ρέσεις
390 2709 425 2743 S.
465 2709 666 2754 Legebatur
685 2707 869 2752 ἀναίρεσις.
1006 2712 1024 2741 ‚V
1046 2703 1233 2750 Κορώνεια]
1257 2718 1399 2749 κορωνια
1421 2704 1456 2737 S.
1585 2707 1603 2726 Ζ
1624 2698 1774 2746 Κορσιὰ]

257 2763 458 2808 Legebatur
485 2761 642 2807 Κορσιαί.
689 2760 825 2806 acopo-lm
853 2765 880 2795 t.
906 2772 959 2805 pr.
981 2772 1012 2794 v.
1034 2764 1069 2792 et
1095 2763 1272 2792 correctus
1299 2757 1342 2791 O.
1374 2769 1455 2791 cum
1482 2754 1775 2801 Harpocratione.

258 2817 390 2850 Rectus
411 2821 575 2850 accentus
596 2815 743 2860 Κορσιαί
762 2819 826 2854 est,
842 2814 884 2847 de
901 2824 971 2858 quo
992 2812 1100 2846 schol.
1122 2812 1156 2845 in
1178 2823 1288 2857 marg.
1306 2812 1348 2844 A.
1365 2809 1532 2854 ὀξυτόνως
1553 2809 1597 2844 ὡς
1617 2806 1777 2847 Θεσπιαί,

258 2869 314 2902 cui
343 2869 564 2903 annotationi
592 2868 629 2901 in
656 2867 790 2902 Reiskii
817 2867 970 2901 editione
999 2866 1089 2899 male
1114 2866 1298 2911 praefixum
1325 2870 1378 2899 est
1402 2864 1531 2898 lemma
1555 2861 1775 2908 Ὀρχομενός.

259 2922 306 2956 Et
326 2923 375 2957 sic
395 2922 563 2968 seriptum
583 2922 678 2967 apud
697 2921 842 2955 Diodor.
861 2918 920 2961 16,
935 2919 999 2966 58.
1017 2925 1052 2953 et
1074 2919 1254 2964 Scylacem
1273 2930 1308 2964 p.
1332 2929 1341 2952 1
1353 2927 1388 2964 5.
1435 2915 1611 2962 Singulari
1631 2924 1778 2948 numero

260 2976 404 3020 Κορσιὰ,
433 2975 562 3010 omisso
590 2981 709 3010 tamen
739 2980 896 3015 accentu,
925 2973 960 3008 S.
989 2973 1085 3018 quod
1112 2971 1241 3018 recepi,
1269 2983 1378 3016 quum
1405 2969 1588 3005 Pausaniae
1616 2966 1778 3013 exemplo
