1930 3266
289 184 372 222 334
823 186 1249 224 ΔΗΜΟΣΘΕΝΟὙΣ-
1349 183 1432 222 On.
1454 182 1635 222 XVIII.
1659 197 1698 236 p.
1715 192 1813 235 317,
1829 0 1930 222 ιμ’-1

291 294 417 345 δεινὰ
466 299 608 348 ποιεῖς
654 294 834 348 τούτοις
885 301 966 346 νῦν
1018 297 1248 360 ἐγκαλῶν,
1299 292 1364 344 ὧν
1414 293 1507 344 τότ’
1553 294 1635 343 οὑκ
1684 290 1802 359 εἶχες

1078 375 1098 403 b

291 386 306 404 a
372 378 384 393 κ
655 379 665 393 s
724 400 732 409 ο
889 377 901 394 x
995 378 1006 394 x
1182 378 1192 394 1
1373 381 1392 390 Α
1465 377 1488 394 ‚2
1671 376 1694 393 ,Ι
1789 377 1800 392 ,

194 388 276 442 338
324 385 478 443 λεγειν
523 383 733 439 βελτιω,
777 401 907 444 παρα
951 401 1034 440 μεν
1117 399 1272 427 τοινυν
1316 399 1412 429 τοις
1453 383 1621 429 αλλοις
1664 398 1790 441 εγωγ

290 463 384 527 ὁρῶ
422 466 571 512 πᾶσιν
598 461 861 527 ἀνθρώποις
894 460 1178 526 διωρισμένα
1211 461 1286 509 καὶ
1317 459 1573 524 τεταγμένα
1608 482 1708 512 πως
1745 457 1804 508 τὰ
1820 480 1854 512 15

1651 540 1670 567 d

291 550 498 595 τοιαῦτα.
548 546 697 594 ἀδικεῖ
736 566 805 597 τις
848 543 998 605 ἑκών,
1047 541 1219 607 οὀργὴν
1264 545 1339 592 καὶ
1384 543 1608 608 τιμωρίαν
1688 540 1806 592 κατὰ

292 627 472 678 τούτου.
512 626 773 695 Εέξήμαρτέ
792 650 860 680 τις
887 627 1043 686 ἄκωνς
1086 624 1101 651 f
1105 626 1396 691 συγγνώμην
1423 628 1524 676 ἀντὶ
1550 628 1632 688 τῆς
1665 648 1807 688 τιμω-

293 713 395 778 ρίας
433 711 624 779 ἕτούτῳ.
668 711 759 760 οὔτ’
789 712 960 760 ἀδικῶν
999 733 1068 763 τις
1107 710 1198 759 οὔτ’
1233 707 1611 777 1”ε’ξαμαρτοὶνων,
1651 712 1712 761 εἷς
1749 707 1810 758 τὰ

294 800 417 845 πᾶσι
444 796 670 843 δοκοῦντα
696 793 954 860 συμφέρειν
974 792 1138 843 ἑαυτὸν
1164 791 1271 844 δοὺς
1298 792 1350 842 οὐ
1377 792 1662 857 κατώρθωσε
1688 789 1806 854 ἰμεθ’

296 877 549 939 ἀπάντων;
594 877 675 927 οὐκ
716 876 945 942 ὀνειδίζειν
973 874 1083 947 ὀὐδὲ
1121 877 1439 941 λοιδορεῖσθαι
1480 873 1582 943 1(τῷ
1616 872 1809 942 τοιούτῳ
1822 901 1862 923 20

199 975 281 1016 339
296 962 485 1022 δίκαιον,
518 959 650 1010 ἀλλὰ
687 959 1031 1027 συνάχθεσθαι.
1075 958 1358 1028 1φανήσεται
1396 963 1582 1008 ιΠταῦτα
1619 956 1811 1008 ”mium
1917 980 1930 1048 1

297 1046 441 1097 οὕτως
476 1045 529 1094 οὐ
571 1042 716 1106 μόνον
756 1045 840 1094 οέν
880 1047 976 1096 τοῖς
1015 1043 1276 1106 Ρνομίμοις,
1312 1041 1442 1091 ἀλλὰ
1482 1043 1557 1091 καὶ
1603 1042 1630 1104 ἡ
1667 1040 1812 1108 φύσις
1916 1035 1930 1089 'l

297 1128 411 1192 αὐτὴ
438 1133 534 1181 τοῖς
567 1126 801 1196 ἀγράφοις
841 1126 1033 1190 Ἷνόμοις
1071 1128 1147 1176 καὶ
1181 1131 1276 1178 τοῖς
1309 1126 1617 1191 ἀνθρωπίνοις
1655 1124 1813 1175 Γε”θεσι

297 1212 521 1278 διώρικεν.
566 1213 797 1279 Αἰσχίνης
823 1212 978 1262 τοίνυν
1004 1216 1234 1261 τοσοῦτον
1261 1217 1275 1235 ⁵
1294 1209 1646 1276 ὑπερβέβληκεν
1666 1207 1813 1259 ἅπαν-
1826 1229 1864 1262 25

297 1319 379 1349 τας
421 1295 698 1359 ἀνθρώπους
743 1294 948 1358 ὠμότητι
991 1296 1067 1344 καὶ
1111 1295 1423 1362 συκοφαντίᾳ,
1464 1291 1588 1343 ὥστε
1633 1295 1708 1343 καὶ
1751 1291 1816 1342 ὧν

298 1380 437 1433 αὐτὸς
463 1382 524 1432 ὡς
551 1378 863 1446 ἀτυχημάτων
889 1378 1130 1443 ἐμέμνητο,
1158 1379 1261 1428 ῐκαὶ
1300 1378 1460 1428 “ταῦτ’
1491 1379 1602 1440 ἐμοῦ
1641 1385 1813 1441 Χκατη-

298 1468 439 1530 γορεῖ.

202 1563 287 1605 340
378 1549 472 1597 Καὶ
507 1545 627 1612 πρὸς
664 1550 760 1598 τοῖς
796 1545 977 1607 ἄλλοις,
1004 1542 1168 1610 ὥσπερ
1207 1542 1368 1597 Υαύτὸς
1405 1545 1571 1597 ἁπλῶς
1609 1545 1684 1594 καὶ
1719 1545 1815 1607 μετ’

301 1631 477 1684 εὐνοίας
515 1630 695 1683 πάντας
735 1627 925 1694 εἰρηκὼς
965 1627 1073 1682 τοὺς
1113 1628 1300 1693 λόγους,
1344 1629 1600 1696 φυλάττειν
1633 1627 1710 1690 ἐμὲ
1744 1629 1819 1678 καὶ

303 1719 457 1780 τηρεῖν
492 1714 749 1775 Ζέκὲλευεν,
777 1712 903 1765 ὅπως
941 1713 1006 1776 μὴ
1045 1713 1464 1778 ἧιπαρακρούσομαι
1501 1713 1606 1776 μηδ’
1636 1713 1813 1780 ἐξαπα-
1830 1723 1907 1778 318

301 1798 450 1862 τήσω,
477 1796 626 1848 δεινὸν
652 1798 727 1846 καὶ
752 1794 902 1861 γόητα
937 1798 1013 1846 καὶ
1038 1795 1284 1864 σοφιστὴν
1321 1798 1396 1846 καὶ
1423 1796 1482 1846 τὰ
1508 1797 1679 1846 τοιαῦτ’
1709 1797 1815 1846 ὀνο-

301 1880 471 1946 μάζων,
514 1883 576 1933 ὡς
622 1878 702 1929 ἐὰν
746 1877 972 1944 πρότερός
1015 1902 1085 1932 τις
1132 1878 1263 1947 ὺεῖπῃ
1307 1878 1367 1929 τὰ
1403 1879 1631 1945 προσόνθ’
1673 1881 1821 1948 ἑαυτῷ

301 1967 406 2031 περὶ
433 1966 602 2026 ἄλλου,
629 1964 703 2013 καὶ
737 1961 793 2026 δὴ
829 1963 958 2012 ταῦθ’
988 1963 1134 2016 οὕτως
1173 1963 1354 2029 ἔχοντα,
1382 1965 1458 2013 καὶ
1493 1963 1676 2014 οούκέτι
1713 1961 1821 2016 τοὺς

302 2048 555 2100 ἀκούοντας
600 2046 925 2114 σκεψομένους
966 2046 1035 2098 τίς
1085 2046 1192 2096 ποτ’
1237 2046 1374 2099 αὐτός
1425 2048 1556 2097 ἐστιν
1601 2048 1624 2096 ὁ
1671 2051 1850 2098 ταῦτα5
1912 2095 1913 2101 ,

303 2131 472 2197 λέγων.
516 2128 608 2195 ἐγὼ
651 2130 688 2178 δ’
730 2126 811 2178 οἶδ’
850 2128 920 2178 ὅτι
956 2128 1245 2194 γιγνώσκετε
1288 2135 1454 2180 τοῦτον
1492 2128 1706 2192 ἅπαντες,
1746 2131 1822 2180 καὶ

360 2328 379 2348 ³⁴
397 2322 527 2369 λέγειν]
552 2323 657 2356 εἰπεῖν
676 2323 787 2356 A.k.s.
898 2319 914 2342 b
935 2319 1048 2354 τοίνυν
1067 2324 1147 2365 post
1167 2318 1287 2354 ἅλλοις
1306 2331 1340 2364 p.
1431 2324 1447 2343 0
1467 2318 1571 2364 ὀργὴν
1591 2319 1644 2353 καὶ
1661 2319 1824 2364 τιμωρίαν

305 2376 489 2411 A.S.k.r.s.
540 2376 740 2421 Legebatur
760 2374 843 2419 ὀργὴ
864 2374 917 2407 καὶ
936 2373 1089 2418 τιμωρία.
1247 2368 1266 2396 d
1296 2372 1378 2405 κατὰ
1398 2371 1521 2406 τούτου
1541 2372 1822 2411 A‚S.Y.Q.k.r.s.

307 2428 377 2463 κατ’
397 2430 500 2462 αὐτοῦ
521 2430 638 2474 vulgo.
763 2433 778 2451 e
798 2426 967 2473 ἐξήμαρτέ
982 2426 1049 2471 τις]
1076 2424 1259 2470 ἐξὴμαρτές
1276 2439 1309 2458 τι
1328 2430 1356 2461 t.
1482 2422 1498 2449 f
1515 2426 1721 2472 συγγνώμην
1739 2425 1822 2458 A.S.

306 2494 367 2516 1·.s.
398 2482 599 2528 Legebatur
619 2481 817 2526 συγγνώμη.
940 2485 960 2512 g
979 2477 1103 2524 τούτῳ]
1127 2478 1217 2524 αὐτῷ
1238 2490 1303 2523 p.r.
1426 2475 1447 2502 h
1468 2477 1720 2523 ἐξαμαρτάνων]
1745 2478 1823 2522 ἐξα-

306 2536 443 2581 μαρτὼν
462 2536 572 2569 A.k.s.
666 2531 675 2559 ἱ
696 2533 768 2577 μεθ’
788 2532 961 2578 ἁπάντων]
986 2532 1069 2576 μετὰ
1088 2532 1223 2564 πάντων
1243 2531 1433 2565 A.Y.k.1·.s.
1456 2537 1491 2565 et
1509 2546 1566 2577 γρ.
1590 2532 1629 2566 F.
1737 2528 1757 2555 k
1778 2532 1826 2578 τῷ

308 2615 378 2636 om.
400 2615 451 2648 pr.
475 2603 511 2637 S.
632 2600 642 2628 l
663 2601 871 2646 φανήσεται]
898 2589 1070 2645 φανησεται
1093 2600 1128 2634 S.
1251 2606 1281 2624 ΠΙ
1301 2603 1406 2634 ταῦτα
1429 2600 1463 2633 S.
1495 2600 1695 2645 Legebatur
1714 2599 1827 2633 τοίνυν

308 2658 425 2690 ταῦτα.
509 2661 529 2679 1¹
550 2655 659 2688 πάντα
678 2667 747 2688 om.
770 2653 816 2688 O.
838 2659 919 2687 ante
938 2656 1043 2687 ταῦτα
1062 2654 1162 2699 ponit
1183 2666 1209 2687 s.
1303 2659 1321 2678 0
1343 2654 1377 2687 ἐν
1397 2665 1466 2687 om.
1487 2654 1643 2688 A.s.k.r.
1728 2658 1748 2686 P
1768 2667 1823 2686 νο-

308 2709 440 2754 μίμοις]
466 2710 580 2752 νόμοις
599 2708 787 2742 A.S.k.r.S.
918 2714 937 2741 q
958 2705 1073 2749 νόμοις
1093 2706 1268 2740 Reiskius,
1300 2706 1452 2750 νομίμοις
1470 2706 1560 2741 libri.
1698 2712 1713 2730 Γ
1731 2706 1827 2740 ἕθεσι

311 2762 486 2796 Reiskius.
518 2762 717 2807 Legebatur
737 2761 847 2804 ἤθεσι,
866 2760 960 2806 quod
981 2772 1050 2793 om.
1073 2760 1108 2793 S.
1140 2759 1244 2793 Conf.
1266 2760 1310 2793 ad
1330 2772 1365 2804 p.
1391 2757 1478 2804 264,
1503 2769 1564 2793 21.
1688 2765 1702 2785 S
1723 2759 1826 2803 ὑπερ-

309 2814 495 2860 βέβληκεν]
519 2814 748 2860 ὑπερβέβηκεν
769 2814 812 2848 Ο.
925 2815 935 2835 t
955 2814 1008 2846 καὶ
1027 2825 1097 2847 om.
1118 2813 1199 2858 Y.p.
1295 2818 1309 2833 ¹¹
1329 2811 1441 2858 ταῦτ’]
1467 2811 1535 2846 κατ’
1556 2825 1592 2847 u.
1686 2817 1706 2836 Χ
1727 2825 1825 2854 κατη-

310 2867 422 2914 γορεῖ]
447 2870 623 2914 κατηγόρει
643 2868 723 2902 A.k.
809 2872 827 2899 y
845 2866 947 2901 αὐτὸς
966 2878 1035 2900 om.
1057 2866 1138 2900 A.k.
1159 2866 1195 2899 in
1214 2880 1268 2911 γρ.
1290 2866 1397 2900 habet
1417 2878 1443 2900 s.
1465 2871 1546 2911 post
1559 2865 1661 2900 αὐτὸς
1679 2864 1780 2911 ponit
1798 2876 1826 2899 r.

313 2928 330 2946 ἰ
359 2921 530 2967 ἐκέλευεν]
556 2921 735 2955 ἐκέλευσεν
753 2931 822 2966 p.r.
988 2924 1008 2944 a
1034 2917 1314 2965 παρακρούσομαι
1338 2919 1374 2954 S.
1403 2917 1692 2965 παρακρούσωμαι
1710 2917 1827 2963 vulgo.

312 2970 332 2998 b
353 2973 446 3020 εἴπῃ]
472 2973 560 3008 εἴποι
580 2974 622 3008 Y.
734 2978 747 2995 c
767 2971 896 3018 οὐκέτι]
922 2973 982 3006 οὐκ
1001 2972 1077 3006 ἔστι
1098 2984 1127 3007 s.
