1882 3250
247 165 330 204 112
821 167 1246 206 ΔΗΜΟΣΘΕΝΟΎΣ
1366 164 1446 203 On.
1474 163 1605 202 VIII.
1628 177 1667 217 p.
1691 174 1783 214 104,
1805 178 1824 204 9

247 282 552 342 στρατιωτῶν
584 277 732 328 ὅντων
759 280 808 328 ἐν
833 281 890 345 τῇ
926 278 1072 346 χώρᾳ,
1099 276 1201 328 οὐδὲ
1229 277 1443 341 Φεραίοις
1481 275 1757 341 Ρπρότερον,

245 358 364 424 πρὸς
404 359 463 409 τὰ
500 361 628 460 τείχη
668 360 1000 426 προσβάλλων
1043 360 1209 420 αὐτῶν,
1253 360 1347 408 οὐδ’
1396 357 1665 409 Ὀλυνθίοις
1705 357 1762 425 ἐξ
1775 376 1812 397 10

246 444 407 508 ἀρχῆς,
435 444 546 497 ‘¹3⁶oe
571 445 618 494 ἐν
646 445 763 510 αὐτῇ
795 447 854 510 τῇ
888 443 1020 510 χώρᾳ
1055 442 1108 492 τὸ
1135 441 1407 507 στράτευμα
1442 443 1598 506 παρῆν
1625 463 1757 506 εχων.

245 523 273 588 ἢ
319 528 394 575 καὶ
437 525 539 576 τότε
582 526 688 579 τοὺς
730 526 991 590 ἀμύνεσθαι
1041 525 1314 578 κελεύοντας
1358 523 1569 587 πόλεμον
1613 528 1760 574 ποιεῖν

245 608 494 676 φήσομεν;
552 612 716 660 οὐκοῦν
768 609 1028 660 ὑπόλοιπον
1080 608 1439 659 δουλεύειν·οὐ
1489 629 1583 672 γαρ
1633 607 1758 656 ἄλλο

243 697 290 756 γ’
338 694 468 743 οὐδέν
512 696 614 744 ἐστι
656 692 834 762 μεταξὺ
884 699 967 743 τοῦ
1018 691 1126 755 μήτ’
1169 691 1428 754 ἀμύνεσθαι
1473 689 1580 753 μήτ’
1628 689 1756 754 ἄγειν
1772 714 1809 746 ¹5

177 783 201 821 6
214 775 446 842 ιὴσυχίαν
485 779 664 827 ἐᾶσθαι.
705 778 780 827 καὶ
813 775 906 840 μὴν
942 778 1028 842 οὐχ
1069 775 1182 841 ὑπὲρ
1224 779 1318 824 τῶν
1357 775 1475 824 ἰ’σων
1516 775 1644 836 ιΓὑμῖν
1685 779 1758 823 8τε

242 861 318 908 καὶ
358 861 471 911 ῐτοῖς
511 860 678 912 ἄλλοις
714 859 812 909 ἔσθ’
853 860 877 908 ὁ
913 859 1141 911 κίνδυνος·
1187 859 1239 908 οὐ
1274 857 1368 923 γὰρ
1409 858 1485 924 ὑφ’
1519 858 1644 924 αὐτῷ
1674 855 1759 919 τὴν

241 942 385 992 πόλιν
421 941 718 1006 ποιήσασθαι
760 942 984 1002 βούλεται
1025 943 1280 997 Φίλιππος,
1326 941 1436 989 ἀλλ’
1482 939 1604 992 ὅλως
1648 942 1753 990 ἀνε-

241 1029 354 1075 λεῖν.
400 1023 490 1076 οἶδε
524 1025 617 1091 γὰρ
653 1028 858 1091 ἀκριβῶς
894 1024 964 1075 ὅτι
998 1024 1232 1075 δουλεύειν
1267 1022 1352 1086 μὲν
1379 1024 1504 1085 ὑμεῖς
1542 1024 1632 1073 οὔτ’
1662 1024 1758 1073 ε’θε-

241 1107 415 1171 λήσετε
443 1111 554 1171 οὕτ’,
576 1108 633 1159 ἂν
657 1108 929 1173 ἐθελήσητε,
954 1107 1303 1172 11ἐπιστήσεσθε
1326 1107 1505 1173 (ἄρχειν
1531 1106 1624 1172 γὰρ
1649 1107 1748 1157 εἰώ-
1769 1131 1810 1154 20

241 1196 389 1260 θατε),
431 1193 689 1258 πράγματα
734 1194 770 1243 δ’
816 1194 941 1261 αὐτῷ
985 1196 1266 1258 παρασχεῖν,
1309 1190 1366 1240 ἂν
1406 1188 1565 1256 καιρὸν
1603 1188 1756 1254 λάβη-

239 1297 301 1336 τε,
339 1277 488 1326 πλείω
527 1282 647 1326 Χτῶν
687 1277 853 1326 ἄλλων
893 1275 1181 1341 Υάνθρώπων
1216 1273 1437 1326 ἁπάντων
1475 1272 1752 1337 δυνήσεσθε.

172 1370 223 1407 62
240 1361 302 1411 ὡς
340 1360 421 1408 οὖν
458 1358 573 1424 ὑπὲρ
614 1365 708 1410 τῶν
752 1359 968 1426 ἐσχάτων
1005 1359 1138 1411 ὄντος
1170 1364 1253 1408 τοῦ
1285 1360 1466 1422 ἀγῶνος
1500 1355 1756 1421 Ζπροσήκει

239 1441 359 1490 οὕτω
411 1441 705 1505 γιγνώσκειν,
754 1444 828 1491 καὶ
879 1439 986 1494 τοὺς
1035 1439 1333 1506 πεπρακότας
1383 1438 1549 1491 αὐτοὺς
1599 1440 1755 1507 ἐκείνῳ

237 1528 393 1586 μισεῖν
438 1526 511 1574 καὶ
554 1525 955 1587 ἀποτυμπανίσαι·
1000 1525 1052 1573 οὐ
1088 1522 1181 1589 γὰρ
1215 1524 1360 1584 ἔστιν,
1399 1523 1480 1572 οὐκ
1515 1521 1618 1572 ε”στι
1659 1525 1752 1571 τῶν
1766 1543 1804 1574 ²5

956 1688 968 1704 ⁸
1031 1687 1083 1715 b‘

237 1693 295 1756 τῇ
336 1689 473 1740 πόλει
511 1690 740 1755 κολάσητ’
780 1692 999 1756 ᾒέχθρους
1062 1695 1403 1755 υπηρετοῦντας
1440 1688 1609 1756 ἐκείνω,
1641 1689 1751 1738 ἀλλ’

237 1769 418 1835 ἀνάγκη
442 1772 621 1824 τούτοις
648 1770 812 1837 ὥσπερ
850 1771 1109 1837 προβόλοις
1146 1772 1530 1837 προσπταίοντας
1563 1771 1748 1836 ὑστερί-

169 1862 220 1914 63
236 1853 325 1919 ζειν
351 1854 547 1905 ἐκείνων.
590 1867 608 1887 (“
624 1853 768 1905 πόθεν
795 1854 950 1904 οἴεσθε
977 1860 1058 1904 νῦν
1084 1854 1225 1905 αὐτὸν
1252 1854 1451 1920 ὑβρίζειν
1477 1853 1620 1916 ᾱὺμᾶς
1648 1854 1747 1917 (οὑ-
1770 1869 1845 1914 105

235 1936 310 1987 δὲν
346 1936 439 2004 γὰρ
478 1938 589 1987 ἄλλ’
620 1949 639 1971 ‘³
657 1938 812 2002 ε’]αοιγε
848 1940 975 1988 δοκεῖ
1003 1943 1149 1988 ποιεῖν
1175 1936 1203 2002 ἢ
1230 1943 1388 2006 τοῦτο)
1419 1940 1494 1988 καὶ
1528 1936 1635 1990 τοὺς
1668 1937 1754 2000 μὲν

235 2020 414 2074 ἄλλους
455 2021 504 2071 εὖ
547 2026 786 2083 ποιοῦντα,
826 2024 862 2070 εἰ
900 2020 1045 2085 μηδὲν
1085 2020 1228 2079 ἄλλο,
1271 2020 1528 2089 ἐξαπατᾶν,
1569 2022 1675 2083 ὑμῖν
1714 2023 1750 2071 δ’

1879 897 1882 929 Ι

1879 940 1882 956 ι

1878 1133 1882 1219 ἶ

1878 1257 1882 1286 ι

1878 1298 1882 1322 1

1877 1365 1882 1468 ἓ

239 1605 330 1674 ἔξω
370 1609 452 1669 τῆς
492 1607 676 1660 πόλεως
712 1609 893 1674 ἐχθρῶν
929 1610 1177 1673 κρατῆσαι,
1203 1608 1314 1671 πρὶν
1340 1604 1397 1656 ἂν
1423 1604 1529 1657 τοὺς
1564 1606 1611 1655 ἐν
1638 1605 1755 1671 αὐτῇ
1876 1587 1882 1757 ξ

1876 1909 1880 1934 Ι

234 2105 442 2154 ἀπειλεῖν
483 2103 606 2167 ἠ’δη;
649 2102 747 2154 οἷον
787 2101 1061 2157 Θετταλοὺς
1101 2103 1266 2154 πολλὰ
1311 2102 1417 2157 δοὺς
1462 2101 1753 2169 ίὑπηγάγετο
1874 1938 1880 2152 Ι

1875 2176 1878 2194 l

166 2199 221 2249 64
235 2191 296 2239 εἷς
321 2185 406 2250 τὴν
433 2192 515 2237 νῦν
541 2192 791 2252 παροῦσαν
818 2188 1050 2237 δουλείαν·
1095 2189 1188 2238 οὐδ’
1215 2187 1272 2237 ἂν
1298 2191 1440 2239 εἰπεῖν
1467 2186 1636 2238 δύναιτ’
1665 2189 1746 2238 οὐ·
1762 2202 1780 2234 5

233 2272 324 2322 δεὶς
350 2270 444 2320 ὅσα
469 2269 576 2323 τοὺς
602 2270 930 2335 ταλαιπώρους
956 2271 1239 2324 Ὀλυνθίους
1263 2270 1491 2336 πρότερον
1517 2269 1624 2323 δοὺς
1652 2274 1750 2321 Πο-
1874 2272 1878 2308 ³

288 2463 304 2486 p
327 2460 505 2504 πρότερον,
526 2460 612 2505 πρὸς
631 2460 672 2493 τὰ
692 2460 787 2504 τείχη
806 2461 1044 2505 προσβάλλων
1061 2460 1097 2494 S.
1130 2459 1330 2505 Legebatur
1348 2459 1515 2504 πρότερον
1532 2459 1644 2504 πρὶνῆ
1664 2460 1751 2505 πρὸς

231 2511 273 2544 τὰ
291 2511 386 2556 τείχη
406 2514 631 2557 προσβαλεῖν.
665 2512 769 2546 Conf.
786 2525 821 2558 p.
843 2520 926 2558 147,
943 2523 1003 2546 20.
1072 2518 1090 2545 q
1111 2512 1189 2558 ἕως]
1210 2511 1271 2547 ἕως
1288 2510 1328 2545 ἂν
1342 2511 1551 2547 A.Y.O.u.V.
1621 2518 1635 2537 Γ
1650 2512 1746 2558 ὑμῖν]

232 2563 309 2606 ἡμῖν
332 2565 368 2598 S.
481 2570 495 2589 S
516 2579 551 2599 τε
572 2577 642 2599 om.
664 2565 703 2599 F.
826 2568 835 2588 t
855 2567 927 2600 τοῖς
947 2566 983 2599 in
1002 2579 1057 2611 γρ.
1079 2565 1120 2599 Y.
1242 2571 1263 2589 Π
1283 2564 1534 2610 ἐπιστήσεσθε]
1559 2563 1749 2600 ἐπίστασθε
1872 2587 1877 2631 ἑ

232 2617 444 2652 F.Y.O.u.V.
588 2624 604 2640 Χ
626 2618 709 2663 τῶν]
734 2617 862 2652 τούτων
881 2622 948 2652 τῶν
969 2618 1013 2652 Ο.
1153 2623 1172 2651 Y
1191 2617 1376 2663 ἀνθρώπων
1394 2617 1568 2663 ἁπάντων]
1591 2617 1750 2652 ἁπάντων
1874 2654 1875 2657 ¹

229 2669 415 2715 ἀνθρώπων
437 2670 472 2704 S.
502 2670 697 2715 Vulgatum
717 2671 845 2717 legitur
866 2684 900 2716 p.
932 2669 1015 2716 148,
1037 2682 1075 2715 4.
1175 2676 1192 2695 ⁷·
1212 2671 1375 2716 προσήκει
1395 2669 1500 2716 οὕτω]
1524 2669 1612 2704 οὕτω
1631 2685 1744 2715 προσ·
1872 2695 1875 2716 <

229 2721 299 2765 ήκει
318 2723 408 2757 A.Y.
432 2729 466 2757 et
485 2738 540 2768 γρ.
564 2724 602 2757 F.
625 2730 660 2758 et
681 2724 729 2758 sic
749 2737 783 2769 p.
807 2722 891 2769 148,
912 2733 943 2771 7.
974 2725 1146 2769 προσῆκεν
1165 2722 1253 2757 οὕτω
1278 2723 1484 2758 F.S.O.u.v.
1563 2729 1583 2749 a
1601 2723 1746 2768 ἐχθροὺς
1872 2717 1882 2767 2

228 2774 477 2820 ὑπηρετοῦντας
497 2776 608 2823 ἐκείνῳ
628 2777 720 2811 delet
740 2777 926 2812 Dobraeus.
958 2777 1063 2811 Cous.
1085 2789 1119 2823 p.
1140 2788 1152 2811 1
1166 2788 1224 2821 24,
1248 2788 1308 2811 22.
1337 2777 1419 2821 148,
1447 2787 1505 2810 10.
1580 2773 1600 2801 b
1622 2777 1744 2823 ὑπηρε-
1871 2783 1882 2817 1¹

227 2829 611 2874 τοῦντας-ὑστερίζειν
631 2830 763 2864 ἐκείνων
783 2842 851 2864 om.
873 2842 925 2875 pr.
948 2830 983 2863 S.
1139 2835 1155 2854 ‘3
1177 2829 1298 2875 πόθεν]
1322 2829 1426 2863 πόθεν
1445 2830 1510 2875 γὰρ
1531 2829 1742 2865 F.Y.O.u.v.
1872 2823 1874 2827 ‚

226 2877 241 2899 ‘¹
262 2880 362 2926 ὑμᾶς]
387 2882 434 2916 εἷς
454 2881 538 2925 ὑμᾶς
558 2882 590 2916 O
606 2894 675 2917 ux.
759 2888 775 2907 e
794 2883 927 2928 ἔμοιγε]
953 2883 1026 2927 ἐμοὶ
1047 2883 1086 2916 F.
1170 2879 1185 2907 f
1205 2881 1415 2928 ὑπηγάγετο]
1441 2883 1630 2928 ἐπηγάγετο
1652 2882 1689 2917 S.
