1930 3266
7 203 148 246 ——319,
167 209 197 232 5.
568 193 694 230 ΠΕΡΙ
724 192 834 230 ΤΟΥ
864 191 1169 229 ΣΤΕΦΑΝΟΥ.
1543 189 1626 228 335

119 301 245 354 πολὺ
287 302 437 371 τούτῳ
479 306 669 366 μᾶλλον
710 300 738 366 ἢ
782 303 882 364 ἐμοὶ
923 301 1125 366 νομίζετε
1169 306 1315 350 ταῦτα
1358 305 1616 365 προσεῖναι.

24 401 103 445 341
121 385 326 436 ᾱκάκεῖνο
375 386 448 436 ‘³⁶23
497 383 595 446 οἷδ’,
635 384 705 435 ὅτι
754 383 839 447 τὴν
889 382 1004 447 ἐμὴν
1046 382 1484 446 δεινότητα-ἔστω
1510 381 1618 446 γάρ.

120 470 267 519 καίτοι
294 468 428 534 ἔγωγ’
457 470 550 533 ὁρῶ
577 471 659 531 τῆς
693 472 787 518 τῶν
811 466 1050 532 λεγόντων
1076 465 1310 529 δυνάμεως
1347 465 1454 518 τοὺς
1480 465 1619 515 ἀκού·
1642 488 1678 508 10

120 575 257 605 οντας
282 550 336 602 τὸ
355 556 585 602 πλεῖστον
606 551 828 616 Ἡκυρίους
865 553 926 604 ὡς
952 550 1045 616 γὰρ
1065 548 1122 600 ἂν
1143 551 1268 612 ὑμεῖς
1294 557 1314 585 g
1329 548 1626 616 ἀποδέξησθε

119 637 194 686 καὶ
231 634 349 701 πρὸς
389 635 588 685 ἕκαστον
625 633 645 660 h
662 634 783 736 ἔχητ’
823 634 1012 694 εὐνοίας,
1052 634 1196 685 οὕτως
1240 634 1264 682 ὁ
1307 632 1460 696 λέγων
1497 631 1628 699 ἔδοξε

120 723 325 785 φρονεῖν.
368 722 405 768 εἰ
446 719 485 768 δ’
523 719 603 768 οῦν
640 720 741 768 ἐστὶ
781 741 855 768 και
889 719 996 783 παρ’
1035 718 1139 780 εμοί
1172 740 1241 770 τις
1275 718 1485 782 ἐμπειρία
1526 739 1622 766 τοι·

120 802 250 865 αύτη,
300 801 474 865 ταύτην
523 801 607 864 μὲν
658 801 876 867 εὑρήσετε
929 801 1099 854 πάντες
1159 800 1235 851 ie'v
1280 806 1378 853 τοῖς
1429 800 1627 852 Κκοινοῖς

119 884 449 954 ἐξεταζομένην
492 883 632 951 Ῑὺπὲρ
683 887 811 947 ὑμῶν
861 886 929 934 ἀεὶ
979 887 1055 934 καὶ
1099 885 1302 947 οὐδαμοῦ
1353 887 1452 934 καθ’
1500 885 1629 945 ὑμῶν
1645 905 1680 936 15

120 970 214 1020 οὐδ’
251 970 402 1037 111ἰδία,
442 967 528 1032 τὴν
569 968 617 1019 δὲ
651 968 817 1019 τούτου
857 969 1126 1019 τούναντίον
1163 969 1217 1018 οὐ
1252 967 1397 1030 μόνον
1440 970 1507 1034 τῷ
1544 967 1625 1016 λε’-

121 1075 220 1118 γειν
268 1052 382 1118 ὑπερ
431 1057 525 1103 τῶν
574 1054 767 1119 ἐχθρῶν,
813 1051 943 1102 ἀλλὰ
994 1053 1068 1101 καὶ
1119 1051 1161 1101 εἴ
1205 1074 1274 1104 τις
1326 1050 1544 1114 ἐλύπησε
1588 1073 1632 1100 τι

26 1155 108 1199 342
121 1141 285 1187 τοῦτον
320 1134 348 1199 ἦ
383 1136 716 1201 προσέκρουσε
749 1144 891 1197 Ππου,
929 1133 1047 1185 κατὰ
1086 1135 1371 1185 τούτων.οὐ
1396 1133 1488 1200 γὰρ
1517 1135 1633 1201 αὐτῇ

121 1220 318 1281 δικαίως,
346 1221 442 1269 οὐδ’
469 1220 542 1287 ἐφ’
572 1217 603 1269 ἃ
626 1219 856 1286 συμφερει
895 1222 952 1285 τῇ
991 1216 1140 1280 πόλει,
1174 1221 1357 1285 χρῆται.
1401 1220 1504 1268 οὔτε
1540 1216 1634 1283 γὰρ

120 1303 206 1367 τὴν
231 1302 377 1369 ὀργὴν
403 1304 507 1353 οὔτε
543 1302 628 1365 τὴν
655 1302 828 1369 ε”χθραν
855 1302 947 1352 οὔτ’
977 1301 1104 1351 ἄλλο
1135 1301 1265 1351 οὐδὲν
1291 1306 1385 1352 τῶν
1413 1301 1633 1352 τοιούτων
1647 1320 1686 1341 ²0

121 1385 203 1438 τὸν
241 1386 390 1437 καλὸν
429 1385 639 1451 κάγαθὸν
680 1386 882 1449 πολίτην
923 1389 994 1435 δεῖ
1033 1383 1140 1438 τοὺς
1183 1384 1296 1451 ὑπὲρ
1335 1390 1429 1435 τῶν
1469 1389 1634 1435 κοινῶν

123 1468 516 1534 οεὶσεληλυθότας
543 1468 766 1522 δικαστὰς
794 1469 955 1536 ἀξιοῦν
980 1470 1105 1536 αὐτῷ
1129 1474 1368 1529 βεβαιοῦν,
1397 1469 1490 1519 οὐδ’
1521 1467 1634 1534 ὑπὲρ

124 1553 302 1604 τούτων
345 1557 407 1606 εἷς
451 1554 568 1616 ὑμᾶς
612 1552 814 1613 εἰσιέναι,
853 1550 983 1601 ἀλλὰ
1022 1550 1238 1614 μάλιστα
1279 1550 1364 1614 μὲν
1405 1550 1469 1615 μὴ
1515 1551 1635 1617 ἔχειν

125 1639 250 1688 ταῦτ’
283 1639 331 1688 ἐν
361 1641 418 1704 τῇ
457 1636 612 1703 φύσει,
647 1640 684 1686 εἶ
722 1637 759 1686 δ’
788 1635 857 1701 ἄρ’
897 1634 1092 1700 ἀνάγκη,
1127 1634 1287 1700 πράως·
1325 1636 1400 1685 καὶ
1440 1635 1635 1700 μετρίως

31 1727 144 1776 343Ρ
161 1721 401 1784 διακείμεν’
429 1720 561 1787 ἔχειν.
601 1721 649 1770 ἐν
675 1719 798 1769 τίσιν
825 1719 906 1768 οὖν
931 1718 1148 1787 σφοδρὸν
1174 1717 1286 1768 εἶναι
1311 1716 1394 1768 τὸν
1419 1724 1685 1770 πολιτευ-εῡ

126 1804 292 1868 όμενον
311 1802 487 1855 καὶτὸν
506 1802 682 1870 ῥήτορα
706 1805 800 1863 δεῖς
842 1805 889 1853 ἐν
909 1802 975 1856 οἷς
1001 1807 1095 1853 τῶν
1117 1802 1242 1853 ὅλων
1261 1825 1306 1853 τι
1333 1801 1638 1852 κινδυνεύεται

126 1891 184 1956 τῇ
221 1886 372 1949 πόλει,
401 1889 475 1937 καὶ
501 1889 548 1937 ἐν
575 1885 641 1940 οἷς
679 1886 797 1952 πρὸς
831 1885 938 1939 τοὺς
969 1886 1199 1939 ἐναντίους
1233 1887 1372 1936 (ἷέστῖ
1399 1890 1464 1954 τῷ
1492 1885 1637 1954 δήμῳ,

127 1974 175 2022 ἐν
219 1971 412 2023 τούτοις·
460 1975 607 2020 ταῦτα
649 1968 775 2035 Γγὰρ
818 1971 1030 2034 γενναίου
1081 1972 1157 2019 καὶ
1198 1971 1380 2033 ἀγαθοῦ
1420 1969 1633 2019 πολίτου.

35 2054 323 2120 344μηδενός
365 2054 414 2105 δὲ
454 2054 736 2117 ἀδικήματος
775 2053 966 2104 πώποτε
1004 2054 1245 2116 δημοσίου,
1287 2051 1553 2118 προσθήσω
1592 2051 1735 2114 δέ319

129 2140 233 2203 μηδ’
287 2139 415 2200 ἰδίου,
459 2138 621 2202 Ξδίκην
672 2136 945 2205 ἀξιώσαντα
998 2141 1165 2197 λαβεῖν
1215 2137 1321 2202 παρ’
1370 2137 1480 2198 ἐμοῦ
1532 2134 1637 2197 μήθ’

131 2228 244 2294 ὑπὲρ
273 2230 354 2290 τῆς
392 2226 577 2280 πόλεως
602 2225 708 2289 μήθ’
741 2225 853 2290 ὑπὲρ
880 2227 1033 2286 αὑτοῦ,
1061 2223 1325 2293 ἴστεφάνου
1352 2226 1427 2274 καὶ
1453 2225 1641 2274 ἐπαίνου

131 2311 413 2376 κατηγορίαν
462 2311 620 2373 “ἡ’κειν
669 2309 1122 2371 συνεσκευασμένον,
1178 2310 1253 2358 καὶ
1317 2315 1336 2333 x
1356 2309 1640 2357 τοσουτουσὶ

131 2395 303 2462 λόγους
347 2394 633 2458 ἀνηλωκέναι
674 2394 789 2446 ἰδίας
828 2393 997 2459 ἔχθρας
1041 2395 1116 2443 καὶ
1158 2392 1337 2461 φθόνου
1364 2394 1438 2443 καὶ
1474 2414 1635 2457 μικρο-
1655 2410 1671 2439 5

187 2551 206 2580 d
226 2554 371 2601 κάκεῖνο]
397 2555 450 2588 καὶ
469 2554 573 2588 ἐκεῖνο
592 2554 627 2587 S.
731 2559 746 2578 θ
767 2551 803 2587 εὖ
822 2552 974 2586 A.S.k.s.
1006 2552 1204 2597 Legebatur
1224 2549 1251 2584 δ’
1273 2549 1321 2584 εὖ.
1421 2546 1435 2573 f
1453 2549 1585 2594 κυρίους
1606 2549 1641 2581 S.

135 2608 334 2654 Legebatur
352 2609 453 2653 μέρος
472 2607 604 2652 κυρίους
624 2605 733 2642 ὄντας,
832 2614 852 2642 g
872 2605 1103 2650 ἀποδέξησθε]
1128 2603 1340 2648 ὑποδέξησθε
1358 2604 1395 2637 k.
1491 2604 1505 2621 ¹¹
1527 2601 1637 2646 ἔχητ’]

135 2661 237 2706 ἔχοιτ’
260 2661 341 2695 O.u.
465 2658 475 2685 i
497 2660 548 2706 ἐν]
574 2661 629 2694 ἐπὶ
647 2660 689 2693 Y.
814 2657 832 2683 k
855 2658 992 2704 κοινοῖς]
1017 2659 1142 2703 καιροῖς
1162 2670 1196 2702 p.
1325 2653 1336 2680 Ῑ
1356 2656 1440 2700 ὑπὲρ
1460 2655 1551 2698 ὑμῶν
1570 2654 1637 2700 ἀεὶ]

134 2714 185 2748 ἀεὶ
204 2714 288 2759 ὑπὲρ
309 2714 400 2757 ὑμῶν
420 2713 497 2748 O.r.
582 2719 613 2737 m
634 2712 716 2758 ἰδίᾳ]
739 2711 826 2746 ἷδιάν
843 2713 959 2745 A.k.s.
1051 2717 1070 2735 Π
1090 2710 1172 2756 που]
1197 2724 1229 2742 τι
1249 2722 1275 2742 s.
1305 2722 1370 2742 που
1390 2707 1498 2741 τούτω
1518 2720 1585 2742 rec.
1607 2708 1642 2740 k.

135 2773 154 2792 ⁰
174 2768 326 2811 εἶσεληλ.
347 2766 524 2812 δικαστὰς]
549 2767 710 2800 δικαστὰς·
730 2766 882 2808 εἷσεληλ.
906 2765 1020 2798 A.k.S.
1171 2769 1190 2796 P
1220 2760 1412 2807 διακείμεν’]
1438 2761 1644 2804 διακείμενον

136 2820 422 2859 F.Y.Q.O.t.u.v.
533 2826 553 2852 q
572 2819 665 2865 ἔστι]
692 2819 767 2852 ἐστι
786 2833 818 2852 τι
838 2818 1075 2856 F.Y.Q.t.u.v.
1181 2821 1196 2840 ¹·
1213 2814 1296 2861 γὰρ]
1319 2815 1385 2860 γάρ
1405 2815 1480 2848 ἐστι
1500 2815 1643 2848 A.k.r.s.

137 2878 152 2898 S
181 2873 290 2919 δίκην]
323 2873 414 2916 δίκης
432 2873 474 2906 Y.
497 2880 531 2906 et
553 2884 621 2906 ree.
645 2873 680 2905 S.
835 2870 850 2895 t
879 2869 1069 2915 στέφανου]
1103 2871 1164 2902 τοῦ
1193 2869 1368 2912 στεφάνου
1397 2880 1418 2901 a
1445 2880 1492 2901 m.
1515 2879 1582 2901 Sec.
1606 2867 1643 2901 S.

136 2932 158 2951 ¹¹
178 2927 266 2970 ἥκειν
288 2927 322 2960 S.
354 2927 552 2972 Legebatur
573 2928 630 2959 νῦν
650 2925 748 2968 ἥκειν.
780 2927 837 2957 νῦν
856 2930 937 2957 ante
958 2923 1158 2968 κατηγορίαν
1176 2928 1314 2967 ponunt
1332 2922 1447 2955 A.k.s.
1523 2925 1542 2944 Χ
1561 2933 1644 2953 τοσ-

137 2979 294 3025 ουτουσὶ]
317 2979 506 3014 τοσούτους
525 2980 593 3012 A.k
607 2991 635 3012 r.
