1882 3250
229 152 286 191 12
775 152 1203 190 ΔΗΜΟΣΘΕΝΟΥΣ
1543 148 1627 188 OR-
1651 147 1686 186 I.
1708 161 1750 202 p.
1773 159 1838 198 10,

230 261 324 329 μὴν
361 264 475 314 ἀλλ’
503 264 723 325 ἐπιεικῶς,
754 259 791 312 ὦ
832 263 996 328 ἄνδρες
1032 263 1288 325 Ἀθηναῖοι,
1314 263 1459 324 τοῦθ’,
1497 258 1522 310 ὃ
1558 261 1744 324 δυσμα-

232 347 446 416 χώτατόν
486 349 588 397 ἐστι
623 350 718 396 τῶν
754 346 999 396 Φιλίππου
1032 343 1339 410 πραγμάτων,
1379 347 1455 394 καὶ
1492 344 1751 405 βέλτιστον

232 433 350 495 ὑμῖν·
390 430 445 482 τὸ
480 429 574 496 γὰρ
616 428 730 480 εἶναι
770 429 962 481 πάντων
1003 431 1174 480 ἐκεῖνον
1213 428 1294 478 ἕνα
1335 428 1447 479 ὄντα
1484 427 1641 493 κύριον
1675 428 1750 478 καὶ
1766 453 1806 475 ιο

231 517 386 581 ῥητῶν
421 517 497 565 καὶ
524 514 818 579 ἀπορρήτων,
859 517 932 563 καὶ
969 512 1067 576 ἅμα
1094 511 1367 577 στρατηγὸν
1405 513 1481 562 καὶ
1516 510 1753 574 δεσπότην

233 601 309 650 καὶ
346 599 530 662 ταμίαν,
572 600 647 648 καὶ
687 601 932 663 πανταχοῦ
973 596 1113 646 αὐτὸν
1159 600 1373 661 παρεῖναι
1413 599 1479 664 τῷ
1518 595 1749 661 στρατεύ-

234 705 361 746 ματι,
385 681 504 748 πρὸς
539 679 624 745 μὲν
657 680 742 731 οτὸ
781 680 840 730 τὰ
876 685 957 730 τοῦ
992 678 1203 742 πολέμου
1229 678 1349 745 ταχὺ
1385 681 1461 728 καὶ
1492 677 1611 728 κατὰ
1648 699 1749 728 και·

234 765 321 831 ρον
345 764 639 831 πράττεσθαι
674 767 848 832 πολλῷ
878 763 1116 829 προσέχει,
1142 761 1260 828 πρὸς
1299 760 1347 812 δὲ
1385 761 1469 814 τὰς
1504 769 1750 811 καταλλα-

237 848 341 915 γὰς,
373 847 453 902 ᾱᾶς·
490 846 546 899 ἂν
577 851 744 901 ἐκεῖνος
784 849 1060 910 εἓποιήσαιτο
1086 846 1292 909 ἅσμενος
1317 844 1435 911 πρὸς
1460 846 1754 907 Ὀλυνθίους,
1772 868 1807 900 ¹5

197 933 454 986 5ἐναντίως
490 931 595 998 ἕχει.
638 933 784 992 δῆλον
810 930 903 995 γάρ
929 931 1032 980 ἐστι
1057 934 1153 982 τοῖς
1190 929 1459 981 Ὀλυνθίοις
1496 928 1566 978 ὅτι
1597 934 1679 979 νῦν
1705 929 1759 978 οὐ

238 1018 344 1081 περὶ
390 1014 532 1083 δόξης
577 1014 670 1064 οὐδ’
724 1012 839 1079 ὑπὲρ
883 1012 1049 1078 μέρους
1095 1012 1252 1079 χώρας
1295 1017 1603 1075 πολεμοῦσιν,
1648 1012 1757 1061 ἀλλ’

239 1097 548 1150 ἀναστάσεως
588 1100 664 1147 καὶ
706 1098 1092 1162 ἀνδραποδισμοῦ
1131 1098 1213 1159 τῆς
1250 1095 1488 1161 πατρίδος,
1529 1097 1605 1145 καὶ
1645 1094 1755 1144 ’ίο-α-

239 1206 321 1234 σιν
355 1181 406 1232 si}
440 1183 478 1232 τ’
522 1185 886 1249 Ἀμφιπολιτῶν
926 1181 1118 1243 ἐποίησε
1156 1177 1264 1232 τοὺς
1302 1176 1597 1245 παραδόντας
1635 1179 1760 1246 αὐτῷ

239 1266 325 1331 τὴν
362 1265 506 1318 πόλιν
547 1267 622 1316 καὶ
665 1265 915 1315 Πυδναίων
949 1261 1055 1316 τοῦς
1092 1261 1476 1330 ὑποδεξαμένους·
1515 1264 1592 1312 καὶ
1636 1261 1760 1315 ὅλως
1772 1284 1813 1307 20

242 1351 460 1411 ἄπιστον,
507 1347 647 1412 οἶμαι,
692 1353 792 1401 ταῖς
841 1349 1096 1399 πολιτείαις
1147 1347 1175 1408 ἡ
1225 1348 1453 1411 τυραννὶς,
1499 1345 1662 1398 ἄλλως
1712 1367 1761 1396 τε

204 1433 331 1485 6κᾶν
370 1434 543 1499 ὅμορον
581 1433 742 1499 χώραν
780 1431 942 1498 ἔχωσι.
980 1432 1106 1481 ταῦτ’
1146 1431 1226 1480 οὖν
1259 1429 1519 1494 ἐγνωκότας
1562 1430 1693 1491 ὑμᾶς,
1727 1427 1764 1478 ὦ

243 1518 406 1584 ἄνδρες
430 1519 685 1580 Ἀθηναῖοι,
715 1517 791 1565 καὶ
829 1515 999 1565 ἓτᾶλΧ
1030 1514 1061 1564 ἃ
1083 1512 1313 1579 προσήκει
1352 1513 1508 1564 πάντα
1533 1515 1756 1576 ἐνθυμου-

245 1600 410 1665 μένους
437 1602 559 1668 φημὶ
594 1603 688 1650 δεῖν
722 1601 947 1662 ἐθελῆσαι
982 1600 1057 1648 καὶ
1083 1597 1435 1665 παροξυνθῆναι
1461 1598 1536 1647 καὶ
1567 1600 1634 1665 τῷ
1668 1619 1756 1647 πο-

245 1684 376 1754 λέμῳ
414 1683 680 1751 προσέχειν,
725 1683 766 1733 εἴ
802 1682 890 1748 πέρ
927 1704 1055 1743 ποτε,
1091 1683 1167 1731 καὶ
1207 1685 1302 1742 νῦν,
1339 1680 1559 1747 χρήματα
1593 1680 1759 1749 εἶσφέ-
1775 1702 1815 1734 25

247 1790 416 1834 ροντας
449 1766 704 1833 προθύμως
738 1768 814 1817 καὶ
855 1763 1020 1818 αὐτοὺς
1054 1764 1261 1832 ἐξιόντας
1307 1767 1382 1814 καὶ
1428 1763 1571 1827 μηδὲν
1608 1764 1764 1815 ἐλλεί-

247 1873 440 1904 ποντας.
484 1849 586 1901 οὐδὲ
622 1849 714 1916 γὰρ
749 1848 893 1915 λόγος
919 1848 1022 1900 οὐδὲ
1056 1850 1239 1914 σκῆψις
1266 1847 1328 1897 ἔθ’
1357 1848 1463 1910 ὑμῖν
1495 1853 1578 1898 τοῦ
1610 1846 1676 1911 μὴ
1709 1846 1769 1898 τὰ

1218 1929 1238 1956 h

209 1938 230 1981 7
249 1935 413 1985 δεόντα
446 1938 594 1984 ποιεῖν
629 1933 803 1984 ἐθέλειν
842 1933 1159 1983 ὑπολείπεται.
1250 1932 1348 1980 νυνὶ
1387 1929 1497 1996 γὰρ,
1536 1929 1561 1980 ὃ
1595 1929 1768 1984 πάντες

246 2016 493 2084 ἰἐθρύλουν
556 2016 684 2074 τέως,
754 2016 1037 2068 Ὀλυνθίους
1097 2012 1448 2077 Ῑέκπολεμῆσαι
1498 2012 1622 2064 1(δεῖν
1673 2017 1762 2064 Φι-
1787 2033 1831 2062 11

248 2102 429 2171 λίππῳ,
457 2100 651 2166 γέγονεν
678 2097 957 2162 αὐτόματον,
979 2099 1055 2148 καὶ
1077 2094 1222 2147 ιταῦθ’
1246 2099 1308 2150 ὡς
1335 2095 1392 2147 ἂν
1420 2098 1526 2159 ὑμῖν
1550 2096 1769 2161 μάλιστα

305 2295 322 2316 0
341 2290 380 2325 τὸ
401 2301 470 2324 om.
493 2288 574 2323 RS.
688 2285 704 2310 ‘¹
723 2284 777 2334 ἃς]
803 2287 858 2329 ὣς,
880 2288 1116 2335 superscripto
1137 2286 1187 2330 ἃς,
1205 2288 1246 2323 Β.
1368 2293 1384 2313 e
1403 2286 1585 2332 ποιήσαιτο
1603 2287 1641 2322 in
1659 2302 1714 2334 γρ.
1729 2287 1770 2322 F.

251 2343 435 2387 ποιήσηται
454 2344 574 2388 vulgo.
648 2340 661 2367 f
677 2341 699 2375 ἅ
718 2341 766 2389 τ’]
789 2341 860 2376 ἅττ’
882 2341 926 2376 O.
1033 2348 1054 2375 g
1073 2343 1174 2376 τᾶλλ’
1195 2340 1231 2388 ἃ]
1252 2343 1364 2376 τᾶλλα
1385 2342 1420 2375 S.
1504 2338 1525 2366 h
1545 2341 1631 2386 νυνὶ]
1655 2343 1713 2374 νῦν
1726 2340 1771 2375 Y.

253 2395 263 2423 i
285 2396 451 2442 ἐθρύλουν
469 2396 569 2441 τέως]
594 2395 793 2441 Legebatur
817 2395 989 2439 ἐθρυλεῖτε
1011 2396 1107 2438 (nam
1138 2396 1186 2429 sic
1207 2396 1289 2430 SX.
1311 2406 1374 2440 pro
1395 2395 1606 2439 ἐθρυλλεῖτε)
1635 2394 1689 2430 ὡς.
1711 2394 1773 2428 sed

254 2450 380 2484 B.F.S.
409 2450 444 2482 in
471 2461 583 2494 marg.
604 2463 661 2494 γρ.
681 2447 870 2493 ἐθρύλλουν
891 2448 966 2491 (sic,
986 2460 1058 2482 non
1084 2447 1264 2494 ἐθρύλουν)
1285 2463 1336 2489 τε,
1357 2448 1452 2493 quod
1471 2448 1515 2481 ad
1539 2459 1656 2482 veram
1677 2447 1774 2482 ducit

254 2503 463 2548 scripturam
484 2501 649 2548 ἐθρύλουν
668 2503 761 2541 τέως,
775 2514 880 2546 quam
902 2502 1020 2535 Reisk.
1038 2514 1079 2536 ex
1101 2502 1237 2535 duobus
1258 2502 1359 2535 codd.
1379 2501 1571 2541 annotavit,
1591 2501 1660 2534 nisi
1679 2501 1775 2546 quod

254 2557 292 2590 in
311 2556 366 2590 his
386 2555 575 2600 ἐθρὺλλουν
591 2561 655 2588 est.
687 2555 854 2588 Similiter
874 2567 907 2600 p.
925 2565 985 2599 30,
1001 2566 1062 2589 20.
1084 2554 1101 2587 ὃ
1118 2555 1240 2589 πάντες
1259 2553 1424 2598 ἐθρύλουν
1438 2554 1532 2588 τέως.
1605 2551 1772 2588 ἱέκπολε-

255 2608 378 2655 μῆσαι]
410 2608 611 2654 Legebatur
636 2609 884 2651 ἐκπολεμῶσαι,
912 2608 1007 2653 quod
1036 2609 1170 2642 correxi
1193 2608 1249 2641 hic
1276 2614 1311 2641 et
1340 2620 1374 2652 p.
1402 2617 1466 2651 30,
1489 2617 1549 2654 29.
1580 2618 1623 2640 ex
1651 2619 1704 2652 pr.
1738 2606 1774 2640 S.

256 2674 410 2708 quocum
430 2662 656 2696 consentiunt
675 2661 887 2706 exemplaria
907 2660 1100 2695 Ἀττικιανὰ
1129 2662 1172 2695 ab
1196 2661 1488 2706 Harpocratione,
1510 2672 1537 2694 S.
1558 2672 1591 2694 v.
1610 2658 1775 2694 Ἐκπολε-

255 2719 369 2760 μῶσαι
388 2721 594 2749 memorata.
746 2711 763 2734 ¹³
785 2714 854 2748 δεῖν
874 2715 991 2748 B.u.v.
1022 2714 1222 2760 Legebatur
1241 2715 1301 2755 δεῖ,
1322 2714 1493 2759 scriptura
1512 2718 1658 2759 propter
1676 2713 1775 2758 ἐθρυ-

255 2770 349 2802 λεῖτε
368 2768 412 2803 ὡς
430 2768 653 2814 interpolata.
683 2768 753 2802 δεῖν
768 2768 874 2802 etiam
891 2767 927 2808 S,
947 2767 1009 2801 sed
1029 2782 1046 2801 ν
1066 2779 1087 2801 a
1105 2780 1151 2803 m.
1173 2779 1242 2802 sec.
1263 2767 1406 2813 scripto.
1497 2763 1508 2791 l
1535 2765 1648 2812 ταῦθ’]
1671 2767 1778 2800 Ταῦτα

259 2821 343 2856 B.S.
371 2820 464 2855 τοῦθ’
485 2821 529 2854 Y.
