1930 3266
278 186 363 228 336
822 191 1250 229 ΔΗΜΟΣΘΕΝΟΎΣ
1357 189 1441 229 On.
1466 187 1647 228 XVIII.
1670 202 1711 242 p.
1725 199 1822 241 319,
1839 202 1854 232 ι

279 300 458 368 ψυχίας
505 302 608 351 ἐστὶ
653 305 862 365 σημεῖον,
908 301 1093 354 οὐδενὸς
1142 306 1369 366 χρηστοῦ.
1415 301 1469 351 τὸ
1515 299 1564 351 δὲ
1611 299 1668 363 δὴ
1719 302 1796 350 καὶ

280 382 387 437 τοὺς
433 383 552 450 πρὸς
591 383 701 446 Ῡέμὲ
739 383 880 434 αὐτὸν
924 386 1108 448 ἀγῶνας
1151 383 1360 434 ἐάσαντα
1405 389 1514 434 Ζνῦν
1554 385 1628 434 ἐπὶ
1671 382 1792 434 τόνδ’

183 482 265 523 345
282 467 407 531 ἥκειν
433 469 533 517 ἵεικαὶ
557 465 749 518 ὶ’πᾶσαν
769 467 859 534 ἕχει
886 468 1066 517 κακίαν.
1106 469 1186 517 καί
1207 474 1223 493 ⁰
1230 490 1310 531 μοι
1331 465 1503 521 ὀδοκεῖς
1529 470 1578 518 ἐκ
1603 467 1793 530 τούτων,

282 551 502 617 Αἰσχίνη,
543 549 735 614 8λόγων
773 550 993 618 ἐπίδειξίν
1034 572 1140 600 τινα
1183 552 1257 600 καὶ
1297 552 1571 618 φωνασκίας
1611 550 1791 611 βουλό·
1813 570 1848 592 ¹0

280 656 418 697 μενος
457 633 754 697 ποιήσασθαι
796 639 962 683 τοῦτον
1006 631 1021 658 f
1032 634 1320 699 προελέσθαι
1365 633 1447 684 τὸν
1491 636 1666 699 ἀγῶνα,
1713 635 1796 684 οὐκ

282 717 566 781 ἀδικήματος
604 715 788 770 οὐδενὸς
815 721 982 777 λαβεῖν
1007 717 1244 782 τιμωρίαν.
1286 718 1389 767 ἔστι
1421 718 1458 767 δ’
1488 718 1574 784 οὐχ
1599 719 1624 768 ὁ
1651 716 1796 782 λόγος

281 806 365 851 τοῦ
399 800 607 866 ῥήτορος,
649 800 868 867 Αἰσχίνη,
907 801 1103 863 ἕτίμιον,
1142 802 1234 851 οὐδ’
1272 803 1296 851 ὁ
1335 800 1468 855 τόνος
1501 805 1585 865 τῆς
1623 805 1797 869 φωνῆς,

282 883 413 934 ἀλλὰ
450 882 503 934 τὸ
541 884 687 934 ταύτὰ
722 888 1049 950 προαιρεῖσθαι
1088 884 1210 938 ι’τοῖς
1245 890 1445 939 πολλοῖς
1483 887 1558 936 καὶ
1596 884 1650 936 τὸ
1689 885 1798 938 τοὺς

184 975 268 1028 346
282 966 448 1021 αὐτοὺς
492 966 664 1030 ἱμισεῖν
705 970 780 1018 καὶ
825 972 982 1035 φιλεῖν
1023 970 1203 1035 οὕσπερ
1241 967 1300 1019 ἂν
1342 969 1370 1032 ἡ
1412 969 1593 1035 πατρίς.
1634 970 1659 1019 ὁ
1702 968 1848 1034 γὰρ15

282 1053 429 1105 οὕτως
465 1052 585 1119 ἔχων
613 1050 699 1115 τὴν
733 1051 910 1119 ψυχὴν,
938 1051 1072 1105 οὗτος
1107 1054 1179 1103 ἐπ’
1207 1053 1359 1120 εὐνοίᾳ
1391 1052 1526 1103 πάντ’
1556 1054 1658 1118 ἐρεῖ·
1696 1053 1721 1102 ὁ
1757 1054 1794 1102 δ’

283 1137 364 1205 ἀφ’
393 1134 459 1187 ὧν
488 1137 516 1200 ἡ
548 1136 688 1189 πόλις
726 1137 989 1202 προορᾶταί
1024 1134 1155 1186 ι(τινα
1190 1137 1401 1187 κίνδυνον
1427 1137 1580 1204 ἑαυτῇ,
1607 1135 1799 1189 τούτους

284 1219 552 1286 θεραπεύων
579 1221 661 1270 οὐκ
697 1221 771 1270 ἐπὶ
796 1218 896 1283 1τῆς
923 1221 1064 1283 αὐτῆς
1103 1221 1238 1286 ὁρμεῖ
1268 1225 1363 1273 τοῖς
1401 1225 1616 1282 πολλοῖς,
1645 1221 1794 1270 ωοῦκ-

284 1327 366 1355 ουν
416 1302 520 1354 οὐδὲ
571 1306 654 1366 τῆς
703 1304 972 1371 ἀσφαλείας
1023 1303 1109 1364 τὴν
1154 1303 1298 1368 αὐτὴν
1348 1304 1440 1371 ἔχει
1490 1305 1795 1370 προσδοκίαν.

285 1390 414 1451 ἀλλ’,
456 1389 603 1456 ὁρᾷς5
647 1388 754 1453 ἐγώ·
798 1387 945 1438 ταύτὰ
989 1387 1082 1454 γὰρ
1125 1389 1412 1456 συμφέρονθ’
1454 1387 1647 1451 εἱλόμην
1685 1410 1794 1439 του·
1814 1408 1853 1430 20

182 1489 264 1534 347
285 1475 424 1534 τοισῖ,
462 1476 537 1523 καὶ
573 1472 705 1524 οὐδὲν
742 1473 978 1541 ἐξαίρετον
1017 1474 1109 1523 οὐδ’
1151 1472 1267 1522 ’ίδιον
1302 1473 1570 1537 πεποίημαι.
1615 1470 1684 1538 ἆρ’
1720 1473 1800 1523 οὖν

287 1555 391 1606 οὐδὲ
417 1556 482 1606 σύ
505 1578 517 1617 3
562 1558 635 1606 καὶ
661 1560 762 1609 πῶς
784 1578 795 1617 ;
845 1555 895 1608 ὃς
929 1556 1094 1609 εὐθέως
1119 1555 1236 1618 μετὰ
1262 1555 1346 1619 τὴν
1372 1555 1530 1623 μάχην
1555 1561 1797 1622 πρεσβευ-

287 1638 370 1703 τὴς
408 1639 628 1705 ἐπορεύου
659 1637 778 1706 πρὸς
805 1640 1060 1700 Φίλιππον,
1089 1638 1138 1692 ὃς
1176 1638 1233 1703 ἧν
1258 1644 1352 1689 τῶν
1378 1642 1456 1690 “ε’ν
1482 1641 1666 1693 ἐκείνοις
1705 1644 1801 1692 τοῖς

287 1723 472 1790 χρόνοις
497 1728 761 1791 συμφορῶν
788 1724 929 1776 α’ίτιος
956 1728 1013 1790 τῇ
1039 1725 1239 1789 πατρίδι,
1268 1726 1341 1774 καὶ
1368 1725 1493 1774 ταῦτ’
1521 1723 1800 1790 ἀρνούμενος
1814 1744 1852 1778 25
1871 1723 1886 1765 ’ἶ
1926 1727 1927 1736 ’

286 1807 443 1859 πάντα
468 1807 550 1858 τὸν
576 1808 843 1874 Οἔμπροσθε
867 1805 1038 1874 χρόνον
1064 1807 1238 1871 ταύτην
1265 1806 1350 1871 τὴν
1375 1809 1548 1874 χρείαν,
1576 1810 1637 1860 ὡς
1676 1807 1798 1858 πάν-

191 1900 273 1955 348
288 1915 362 1945 τες
403 1891 582 1942 ἰ’σασιν.
625 1893 773 1942 καίτοι
811 1893 907 1944 Ι’τίς
954 1893 978 1942 ὁ
1019 1891 1104 1955 τὴν
1143 1892 1287 1943 πόλιν
1327 1892 1608 1960 ἐξαπατῶν;
1652 1894 1740 1960 οὐχ
1779 1893 1803 1942 ὁ

287 1973 352 2039 μὴ
379 1974 534 2040 λέγων
561 1973 590 2024 ἂ
616 1979 811 2042 φρονεῖς
856 1978 922 2042 τῷ
956 1975 992 2023 δ’
1023 1975 1047 2023 ὁ
1081 1975 1232 2042 κῆρυξ
1268 1978 1554 2039 (Ικαταρᾶται
1581 1974 1764 2026 δικαίως
1786 1995 1798 2035 ;

288 2061 342 2110 οὐ
375 2063 441 2128 τῷ
475 2059 702 2127 τοιούτῳ;
746 2059 794 2109 τί
829 2057 877 2108 δὲ
914 2058 1067 2124 μεῖζον
1102 2059 1200 2125 ἔχοι
1235 2082 1304 2112 τις
1339 2057 1395 2109 ἂν
1429 2063 1570 2109 εἰπεῖν
1602 2059 1805 2122 ἀδίκημα

289 2145 386 2195 κατ’
416 2143 584 2210 ἀνδρὸς
621 2142 817 2210 ῥήτορος
842 2141 900 2206 Υῆ
933 2147 969 2193 εἰ
1003 2142 1068 2207 μὴ
1108 2142 1286 2193 8ταὺτόι
1321 2147 1492 2211 φρονεῖ
1525 2144 1600 2192 καὶ
1636 2142 1764 2206 λέγει
1787 2162 1896 2206 3320

192 2243 275 2285 349
290 2227 354 2280 σὺ
379 2230 535 2280 τοίνυν
571 2228 728 2281 ῒοῦτος
767 2227 966 2293 εὑρέθης.
1008 2226 1105 2278 εἶτα
1139 2226 1203 2277 σὺ
1237 2226 1464 2295 ι’φθέγγει
1502 2229 1579 2277 καὶ
1610 2225 1806 2288 βλέπειν

343 2369 363 2396 y
383 2363 440 2407 ἐμὲ
459 2363 563 2396 αὐτὸν
584 2362 741 2396 S.O.r.u.
773 2363 917 2405 ἐμαυτὸν
935 2362 1054 2407 vulgo.
1173 2369 1187 2387 ⁷-
1209 2361 1284 2407 νῦν]
1309 2363 1367 2394 νῦν
1387 2361 1415 2395 δ’
1436 2362 1473 2395 F.
1586 2366 1598 2382 ³
1618 2362 1671 2395 καὶ
1690 2361 1807 2396 addidi

291 2429 334 2451 ex
354 2417 394 2450 A.
441 2416 494 2449 Eo
514 2416 644 2449 omisso
663 2421 884 2460 pentameter
904 2421 956 2449 est
984 2417 1041 2448 νῦν
1062 2415 1116 2448 ἐπὶ
1136 2414 1224 2448 τόνδ’
1246 2415 1334 2457 ἥκειν
1354 2416 1468 2449 πᾶσαν
1487 2415 1557 2459 ἔχει
1578 2413 1692 2449 κακίαν
1710 2416 1805 2450 k.s.t.

292 2468 311 2495 b
331 2471 446 2504 πᾶσαν
466 2471 536 2513 ἔχει
556 2469 669 2502 κακίαν
689 2481 757 2502 om.
781 2469 817 2503 S.
958 2474 973 2493 ⁰
994 2468 1067 2514 μοι]
1092 2470 1206 2514 ἔμοιγε
1226 2468 1338 2514 Y.p.1·.
1477 2472 1492 2489 ‘³
1513 2468 1638 2514 δοκεῖς]
1660 2469 1749 2502 δοκεῖ
1769 2481 1805 2514 p.

291 2529 308 2548 e
335 2525 580 2568 λόγων-τινα
607 2523 659 2555 καὶ
688 2522 885 2565 φωνασκίας
915 2522 1047 2560 F.S.Q.
1096 2525 1162 2555 τῶν
1189 2523 1432 2566 λόγων-τινὰ
1461 2521 1659 2566 φωνασκίας
1686 2522 1804 2567 vulgo.

291 2573 307 2601 f
322 2576 548 2622 προελέσθαι]
573 2574 808 2621 προσελέσθαι
829 2575 930 2610 Y.r.t.
1017 2581 1038 2608 g
1058 2576 1169 2619 τίμιον
1190 2575 1224 2608 S.
1255 2573 1365 2618 τίμιος
1384 2576 1501 2622 vulgo.
1593 2572 1608 2595 ¹¹
1628 2576 1700 2610 τοῖς
1717 2577 1804 2609 πολ-

289 2631 363 2665 λοῖς
384 2635 465 2664 ante
485 2629 722 2675 προαιρεῖσθαι
742 2641 768 2662 r.
927 2625 937 2652 i
955 2629 1086 2675 μισεῖν]
1109 2629 1162 2662 καὶ
1180 2630 1294 2672 μισεῖν
1313 2634 1339 2663 t.
1496 2634 1514 2653 Ζ
1539 2642 1613 2662 τινα
1633 2627 1802 2674 κίνδυνον]

291 2699 444 2750 κίνδυνον
463 2700 537 2750 τῖνα
558 2716 594 2750 S.
623 2716 704 2750 Vid.
726 2716 770 2750 ad
788 2728 822 2762 p.
849 2713 935 2757 228,
963 2726 1020 2750 10.
1143 2713 1154 2740 Ῑ
1174 2717 1232 2759 τῆς
1252 2716 1371 2758 αὐτῆςἿ,
1394 2718 1464 2751 τοῖς
1483 2715 1596 2751 αὐτοῖς
1617 2728 1651 2762 p.
1675 2721 1709 2750 et
1729 2727 1805 2750 eor-

290 2775 407 2803 rectus
428 2781 456 2803 r.
568 2775 599 2794 m
621 2770 758 2816 οὔκουν]
783 2770 903 2803 οὐκοῦν
922 2770 1065 2803 A.k.1·.s.
1178 2775 1198 2793 Π
1219 2769 1253 2803 ἐν
1273 2781 1342 2804 om.
1366 2770 1400 2803 S.
1488 2775 1506 2794 ⁰
1526 2770 1701 2814 ἔμπροσθε
1722 2768 1806 2805 S.Y.

292 2823 360 2856 ἅνω
379 2823 415 2856 k.
445 2823 640 2869 ἔμπροσθεν
658 2823 776 2869 vulgo.
890 2828 909 2856 P
929 2822 996 2868 τίς]
1019 2821 1070 2857 τίς
1090 2821 1130 2865 ἧν
1149 2823 1183 2856 k.
1271 2830 1289 2858 q
1311 2822 1509 2869 καταρᾶται]
1534 2824 1716 2868 καταρᾶται
1735 2821 1806 2856 καθ’

292 2877 437 2919 ἑκάστην
456 2876 638 2920 ἐκκλησίαν
656 2891 710 2922 γρ.
734 2876 862 2915 ῈΜΞΩ
965 2882 979 2900 Γ
999 2875 1018 2919 ἢ
1038 2888 1108 2910 ΟΠ1.
1129 2876 1323 2922 A.F.k.p.s.
1422 2881 1436 2901 S
1456 2876 1579 2922 ταύτὰ]
1602 2878 1708 2910 ταῦτα
1726 2873 1747 2909 ἃ
1766 2876 1808 2910 Α.

291 2929 397 2962 ταυτὰ
415 2926 435 2962 ἃ
455 2929 522 2964 k.s.
553 2931 657 2964 ταυτὰ
676 2931 730 2964 καὶ
750 2930 825 2975 F.p.
947 2928 962 2954 t
980 2928 1097 2976 οὗτος]
1122 2931 1276 2965 τοιοῦτος
1294 2929 1455 2975 Y.Q.p.r.
1485 2929 1559 2963 ἀντὶ
1578 2931 1640 2963 τοῦ
1658 2931 1810 2963 τοιοῦτος

294 2993 414 3026 margo
435 2983 475 3015 A.
586 2989 605 3007 1¹
627 2983 790 3028 φθέγγει]
817 2983 1041 3017 scribebatur
1059 2983 1209 3028 φθέγγῃ.
