1882 3250
253 187 310 226 38
792 186 1218 225 ΔΗΜΟΣΘΕΝΟΎΣ
1417 184 1498 222 On.
1523 182 1614 221 III.
1637 195 1678 236 p.
1699 193 1799 235 33,1

253 301 369 348 σθαι
402 298 698 362 παραλείπει.
741 297 971 365 εὔξασθαι
995 296 1080 359 μὲν
1105 295 1233 361 ἰγὰρ,
1260 293 1297 345 ὦ
1323 295 1484 360 ἄνδρες
1507 295 1762 357 Ἀθηναῖοι,

572 379 741 430 Ιίταύτὸ
779 380 917 430 πάνθ’
957 379 1051 429 ὅσα
1090 377 1316 438 βούλεταί
1348 400 1417 430 τις
1456 376 1764 442 1ἀθροίσαντα

253 380 433 448 ῥᾴδιον,
473 385 534 433 εἰς

254 466 302 514 ἐν
339 463 543 532 ωόλίγῳ·
587 463 781 513 ἑλέσθαι
825 462 887 524 δὲ,
924 461 1036 512 ὅταν
1078 464 1183 527 περὶ
1226 459 1518 526 πραγμάτων
1558 462 1762 526 προτεθῇ

254 552 464 609 σκοπεῖν,
503 546 648 596 οὐκέθ’
690 546 858 607 ὁμοίως
899 545 1109 609 εὔπορον,
1148 541 1278 592 ἀλλὰ
1320 544 1391 592 δεῖ
1429 541 1489 591 τὰ
1530 541 1815 602 βέλτιστααο

255 631 357 679 ἀντὶ
395 633 490 679 τῶν
530 629 690 692 ἡδέων,
727 626 784 677 ἂν
821 627 912 690 “μὴ
948 626 1313 694 οσυναμφότερα
1347 626 1444 694 ἐξῇ,
1486 625 1761 688 λαμβάνειν.

189 737 237 764 21
255 716 292 762 εἰ
327 713 382 763 δέ
407 734 476 765 τις
513 713 649 775 Ρὴμῖν
685 711 776 778 ε”χει
812 713 887 760 καὶ
924 709 982 760 τὰ
1013 709 1209 775 θεωρικὰ
1243 711 1322 759 ἐᾶν
1357 711 1433 759 καὶ
1465 707 1639 774 πόρους
1673 709 1766 758 ἑτέ-

253 817 362 861 ρους
403 795 559 859 λέγειν
603 790 981 859 στρατιωτικοὺς,
1019 794 1105 859 οὐχ
1149 794 1282 846 οὗτος
1327 793 1576 858 κρείττων;
1619 791 1767 842 (Ιεῖποι

254 901 323 931 τις
368 877 438 928 ἄν.
483 876 598 945 φήμ’
647 877 809 940 ἔγωγε,
853 875 980 940 εἴπερ
1031 876 1175 938 ἔστιν,
1217 874 1253 925 ὦ
1298 875 1460 940 ἄνδρες
1504 875 1762 938 Ἀθηναῖοι·

255 959 386 1010 ἀλλὰ
411 959 629 1025 θαυμάζω
668 959 710 1008 εἴ
740 981 806 1027 τῳ
845 957 959 1008 ποτὲ
994 958 1253 1023 ἀνθρώπων
1287 957 1532 1022 ἣγέγονεν
1566 955 1596 1020 ἢ
1633 956 1766 1021 γενή-
1779 979 1817 1010 ²5

255 1065 404 1105 σεται,
449 1040 506 1093 ἂν
553 1041 612 1092 τὰ
661 1041 874 1106 παρόντα
919 1041 1148 1107 ἀναλώσῃ
1196 1039 1316 1105 πρὸς
1364 1038 1394 1090 ἃ
1443 1039 1506 1103 μὴ
1550 1042 1630 1101 δεῖ,
1675 1044 1769 1090 τῶν

189 1146 239 1175 22
256 1125 474 1178 ἀπόντων
514 1127 772 1191 εὐπορῆσαι
812 1122 931 1189 πρὸς·
970 1122 1000 1173 ἂ
1041 1125 1122 1173 δεῖ.
1166 1124 1295 1183 ἀλλ’,
1330 1122 1469 1186 οἶμαι,
1511 1123 1632 1188 με’γα
1675 1127 1771 1176 τοῖς·

254 1208 478 1262 τοιούτοις
518 1208 714 1274 ὑπάρχει
740 1206 900 1272 λόγοις
937 1207 965 1269 ἡ
997 1208 1104 1272 παρ’
1134 1205 1336 1257 ἑκάστου
1370 1206 1618 1270 βούλησις,
1645 1205 1766 1257 Γδιό-

254 1315 344 1358 περ
388 1300 402 1319 ⁵
410 1295 592 1361 ῥᾷστον
635 1289 857 1341 ἁπάντων
901 1292 1031 1340 ἐστὶν
1073 1289 1214 1339 αὑτὸν
1254 1290 1566 1357 ἐξαπατῆσαι·
1610 1288 1635 1339 ὃ
1677 1288 1772 1355 γὰρ

256 1376 500 1437 βούλεται,
555 1376 680 1425 τοῦθ’
727 1374 925 1427 ἕκαστος
976 1375 1051 1422 καὶ
1102 1372 1256 1434 οἴεται,
1306 1372 1365 1422 τὰ
1416 1372 1463 1422 δὲ
1512 1371 1772 1437 πράγματα
1784 1391 1843 1432 34

257 1458 512 1511 ιπολλάκις
539 1459 626 1525 οὐχ
658 1459 778 1508 οὕτω
812 1456 1031 1524 πέφυκεν.
1072 1457 1207 1521 ὁρᾶτε
1243 1457 1337 1517 οὖν,
1363 1454 1402 1505 (3
1431 1456 1594 1522 ἄνδρες
1619 1457 1768 1520 Ἀθη-

258 1548 390 1606 ναῖοι,
439 1542 601 1593 “ταῦθ’
648 1543 794 1595 οὕτως
836 1541 962 1594 ὅπως
1013 1542 1088 1590 καὶ
1132 1539 1192 1590 τὰ
1233 1538 1493 1606 πράγματα
1542 1540 1774 1606 ἐνδέχεται

192 1645 243 1687 23
260 1628 335 1676 καὶ
357 1625 619 1690 δυνήσεσθε
645 1624 811 1693 ἐξιέναι
838 1626 913 1674 καὶ
929 1622 1106 1687 μισθὸν
1126 1623 1264 1691 ἕξετε.
1306 1625 1364 1673 οὔ
1385 1630 1486 1673 Χτοι
1505 1621 1802 1690 σωφρόνων5

257 1710 360 1761 οὐδὲ
385 1709 610 1775 γενναίων
636 1711 765 1759 ἐστὶν
791 1707 1065 1774 ἀνθρώπων,
1091 1705 1423 1759 Υέλλείποντάς
1449 1729 1494 1756 τι
1520 1708 1573 1756 δι’
1598 1705 1773 1756 ἔνδειαν

257 1793 512 1861 χρημάτων
550 1797 667 1842 Ζτῶν
705 1797 787 1842 τοῦ
820 1790 1031 1852 πολέμου
1059 1790 1254 1856 εὐχερῶς
1294 1788 1354 1839 τὰ
1395 1794 1587 1839 τοιαῦτα
1622 1789 1775 1852 ὀνείδη

261 1883 430 1951 φέρειν,
458 1883 550 1933 οὐδ’
580 1884 653 1932 ἐπὶ
680 1880 789 1944 3μὲν
817 1880 1092 1944 Κορινθίους
1129 1881 1204 1928 καὶ
1240 1877 1491 1943 Μεγαρέας
1517 1875 1771 1943 ἁρπάσαν-

261 1989 345 2020 τας
381 1965 441 2016 τὰ
471 1965 601 2016 ὅπλα
634 1963 930 2029 πορεύεσθαι,
967 1962 1210 2012 Φίλιππον
1254 1960 1296 2010 δ’
1334 1962 1413 2010 ἐᾶν
1453 1959 1616 2012 πόλεις
1652 1961 1774 2010 Ἑλ·-

263 2050 456 2114 ληνίδας
489 2046 909 2114 ἀνδραποδίζεσθαι
943 2047 996 2096 δι’
1033 2045 1233 2110 ἀπορίαν
1267 2044 1469 2110 ἐφοδίων
1503 2047 1600 2096 τοῖς
1630 2065 1833 2109 στρα-ιο

264 2132 540 2195 τευομένοις.

201 2247 255 2285 24
343 2215 466 2266 ἱ)Καὶ
491 2215 616 2266 ταῦτ’
646 2216 733 2281 οὐχ
757 2214 810 2263 ἵν’
841 2211 1122 2279 ἀπέχθωμαί
1152 2233 1278 2261 τισιν
1312 2211 1455 2273 ὑμῶν,
1482 2208 1591 2272 ετὴν
1617 2209 1781 2262 ἄλλως

267 2298 536 2365 προῄρημαι
561 2298 730 2362 λέγειν·
775 2297 828 2346 οὐ
854 2295 948 2361 γὰρ
973 2296 1118 2348 οὕτως
1150 2294 1317 2362 ἄφρων
1345 2294 1438 2343 οὐδ’
1463 2291 1666 2359 ἀάτυχής
1692 2296 1784 2355 εἶμι

267 2381 375 2448 ἐγὼ,
403 2380 526 2432 ὥστε
553 2379 904 2448 ἀπεχθάνεσθαι
939 2377 1203 2440 βούλεσθαι
1237 2375 1380 2440 μηδὲν
1407 2379 1607 2443 ὠφελεῖν
1646 2376 1780 2439 νομί·-

324 2515 333 2542 ἰ
353 2518 418 2562 γὰρ
438 2529 507 2551 om.
530 2516 613 2550 S.Y.
747 2511 769 2539 k
789 2512 909 2558 ταύτὸ]
933 2513 1055 2546 ταυτὸν
1075 2511 1169 2547 Y.O.
1298 2507 1308 2535 l
1327 2509 1551 2555 ἀθροίσαντα]
1575 2509 1783 2555 ἁθροίσαντα

271 2571 366 2611 RS„
386 2582 458 2603 non
480 2570 522 2604 B.
634 2574 661 2590 ἴῃ
679 2567 802 2614 ὀλίγῳ]
827 2566 934 2612 ὀλίγῳ
954 2567 1066 2612 χρόνῳ
1085 2565 1174 2599 A.Y.
1287 2569 1306 2587 ¹¹
1327 2563 1388 2608 μὴ]
1413 2562 1495 2606 μήτε
1515 2576 1550 2597 u.
1662 2571 1681 2587 ⁰
1701 2575 1782 2595 συν-

269 2622 466 2669 αμφότερα]
490 2621 667 2667 ἀμφότερα
688 2621 773 2655 O.u.
891 2624 907 2647 Ρ
928 2618 1021 2663 ἡμῖν]
1047 2618 1123 2662 ὑμῖν
1142 2616 1450 2651 A.B.F.Y.O.u.v.
1575 2623 1594 2651 ‘1
1614 2613 1720 2660 εἴποι]
1743 2611 1784 2647 ἂν

271 2676 359 2711 ε’ίποι
379 2677 422 2710 Y.
535 2683 550 2702 ¹*
570 2674 704 2720 διόπερ]
729 2674 781 2707 διὸ
800 2675 844 2708 A.
957 2676 970 2695 S
991 2670 1136 2717 ῥᾷστον]
1159 2670 1254 2716 ῥαῖον
1272 2670 1317 2704 Y.
1429 2671 1438 2690 ¹
1459 2669 1626 2703 πολλάκις
1644 2680 1715 2702 om.
1738 2666 1783 2701 Ο.

271 2736 293 2754 ¹¹
312 2730 424 2775 ταῦθ’]
449 2728 541 2763 τοῦθ’
559 2742 593 2763 ιι.
718 2734 734 2749 x
755 2726 823 2771 τοι]
847 2740 878 2759 τι
900 2725 986 2760 O.u.
1008 2731 1043 2758 ct
1062 2730 1238 2758 correctus
1258 2735 1288 2757 v.
1417 2727 1432 2751 5
1449 2720 1689 2766 ἐλλείποντάς]
1713 2720 1784 2754 λεί-

272 2797 399 2818 ποντας
420 2783 455 2816 S.
586 2788 602 2806 Ζ
623 2784 690 2814 τῶν
709 2793 780 2814 om.
803 2779 922 2813 O.n.v.
1062 2784 1080 2802 ὃ
1099 2778 1159 2821 μὲν
1179 2789 1248 2810 om.
1270 2788 1322 2822 pr.
1345 2774 1390 2809 Ο.
1527 2771 1547 2799 b
1570 2775 1632 2808 Καὶ
1651 2786 1719 2808 om.
1739 2774 1783 2807 A.

274 2841 290 2860 ⁰
310 2836 370 2879 τὴν
388 2835 521 2881 ἄλλως]
547 2835 694 2869 Codices
714 2834 876 2876 τηνάλως,
899 2832 993 2877 quod
1012 2831 1048 2864 in
1068 2830 1243 2876 plerisque
1263 2841 1337 2863 esse
1357 2828 1505 2868 videtur,
1525 2828 1580 2862 vel
1599 2828 1784 2870 τηνάλλως.

275 2888 330 2922 De
350 2900 420 2935 quo
440 2889 524 2922 satis
551 2889 720 2922 habemus
749 2887 815 2920 hoc
844 2897 915 2919 uno
944 2885 1022 2918 loco
1050 2884 1239 2917 monuisse.
1297 2882 1339 2916 In
1370 2882 1405 2916 S.
1431 2881 1619 2925 τὴνάλλως,
1640 2884 1787 2914 accentu

275 2941 389 2987 priore
409 2953 518 2975 eraso.
629 2938 648 2967 d
667 2939 810 2984 ἀτυχής]
835 2937 960 2982 ἀτυχής
980 2952 1031 2972 τις
1050 2938 1092 2972 A.
